2361 2974
480 203 521 235 10
1047 197 1090 230 M.
1133 195 1610 234 QVERLOREN.

527 293 667 325 Ductus
686 289 863 324 seminalis
887 287 963 330 (fig.
981 287 1020 319 12
1042 291 1075 319 et
1097 288 1149 319 13.
1173 286 1279 328 s‘s“')
1301 288 1409 320 multis
1429 288 1588 324 vasculis,
1613 296 1697 329 quae
1722 287 1919 319 comitantur
1940 291 2054 322 ramuli
2074 296 2157 323 arte.

481 351 573 387 riosi,
605 360 642 380 ex
664 349 776 381 ovario
800 346 972 389 (testiculo
996 343 1213 382 Cuvierii)
1235 344 1336 375 oritur
1362 344 1425 387 (1)
1447 346 1510 387 (Ρ)
1554 345 1676 376 Ductus
1700 343 1753 374 ille
1774 344 1866 385 parvi
1884 343 2031 379 diametri
2051 351 2159 381 statim

486 406 678 438 anteriorem
704 403 850 446 corporis
877 406 1002 445 partem
1029 411 1136 433 versus
1159 402 1338 443 procurrit,
1373 412 1474 444 quum
1498 411 1575 433 vero
1597 401 1641 432 ad
1667 400 1821 442 angulum
1843 401 2039 442 pervenerit,
2064 414 2159 445 quem

486 472 560 502 pars
585 462 697 492 dextra
719 461 909 498 oviductus,
932 463 1105 501 postquam
1124 468 1142 490 e
1159 468 1292 491 numero
1314 459 1384 501 ejus
1417 458 1744 490 circumvolutionum
1770 457 1969 498 provenerit,
1995 468 2070 490 cum
2099 461 2159 492 illis

487 517 826 549 circumvolutionibus
854 516 953 551 facit,
978 514 1202 547 dilatationem
1225 516 1328 547 forma
1354 516 1475 547 sacculi
1503 514 1584 557 (fig.
1603 514 1653 545 12.
1677 512 1739 554 s'‘)
1775 513 1937 553 ostendit,
1961 515 2018 555 qui
2046 525 2161 547 saccu-

486 575 532 604 lus
560 574 678 615 angulo
709 578 798 605 recto
828 573 861 604 in
895 572 1031 603 ductum
1064 572 1250 605 seminalem
1285 572 1429 613 aperitur
1455 571 1535 612 (2).
1587 570 1709 602 Deinde
1736 569 1853 601 ductus
1882 571 2040 602 seminalis
2066 573 2160 604 simul

486 641 559 663 cum
590 635 681 672 parte
718 629 871 673 ulteriore⁴
898 629 1091 665 oviductus‚
1123 630 1175 660 eui
1202 629 1377 664 adhaeret,
1413 638 1515 669 usque
1549 628 1592 659 ad
1616 627 1791 659 vesiculam
1822 628 2005 668 procurrit,
2043 628 2098 659 ubi
2129 630 2162 660 in

486 688 565 718 duos
588 687 742 718 dividitur
760 686 877 717 ductus
901 684 980 726 (fig.
1005 685 1055 716 13.
1074 685 1159 725 sm).
1204 685 1325 717 Ductus
1350 685 1507 726 posterior
1530 690 1628 726 atque
1648 683 1776 715 brevior
1798 683 1969 715 vesiculam
1995 685 2085 715 illam
2106 696 2162 727 pe.

485 748 590 776 netrat
605 766 613 780 ‚
639 748 737 784 atque
761 742 824 774 hoc
845 742 920 772 loco
947 742 1138 773 terminatur
1165 741 1247 782 (fig.
1266 742 1316 773 13.
1339 741 1384 781 z.)
1417 740 1497 782 (5).
1532 741 1680 772 Anterior
1699 750 1773 771 vero
1799 739 1914 770 ductus
1942 739 2020 782 (fig.
2044 741 2093 772 13.
2120 743 2161 783 δ’)

484 804 526 833 ad
555 806 680 842 partem
702 800 892 830 anteriorem
919 798 1062 839 corporis
1086 797 1271 838 procurrit,
1295 796 1394 838 paulo
1414 801 1486 838 post
1508 796 1566 827 sub
1590 796 1678 827 fibris
1711 796 1944 827 muscularibus
1965 797 2046 827 cutis
2076 808 2159 830 con·

485 859 603 892 fertur,
630 861 728 896 atque
751 856 783 886 in
809 855 969 886 anteriore
989 853 1132 895 corporis
1151 857 1261 893 parte,
1285 851 1341 883 ubi
1362 853 1512 894 clypeum
1535 863 1553 883 a
1576 852 1659 894 pede
1684 857 1869 893 separatur,
1890 863 1994 883 rursus
2020 854 2052 884 in
2076 855 2165 887 cavi·

487 920 584 946 tatem
607 912 847 944 abdominalem
873 911 1042 952 provenit,
1069 910 1209 950 denique
1230 919 1305 941 vero
1326 909 1370 940 ad
1393 913 1518 950 partem
1536 909 1743 950 posteriorem
1765 908 1908 950 corporis
1931 919 2036 939 versus
2055 921 2162 941 recur-

484 973 537 1003 rit.
582 971 757 1010 Postquam
777 968 834 998 sub
858 967 959 998 basim
982 966 1073 1008 penis
1100 970 1199 1007 atque
1218 966 1260 996 ad
1284 966 1367 996 latus
1388 963 1538 996 dextrum
1559 965 1685 996 buccae
1706 965 1849 1007 pervenit
1868 965 1986 996 ductus
2006 968 2165 998 seminalis

479 1028 696 1069 irregulariter
717 1025 857 1066 plicatur
891 1023 1028 1065 (fig.l2.
1047 1021 1131 1063 sm),
1166 1026 1265 1062 atque
1297 1021 1366 1062 ejus
1399 1026 1558 1052 structura
1581 1021 1682 1062 magis
1712 1021 1900 1052 muscularis
1937 1020 1996 1059 fit,
2027 1032 2045 1052 e
2076 1022 2164 1054 fibris

487 1082 694 1115 annularibus
728 1086 898 1116 constanS,
933 1079 1011 1110 dum
1041 1079 1134 1110 simul
1168 1078 1380 1120 amplitudIne
1410 1077 1545 1117 crescit,
1569 1076 1675 1109 donec
1710 1077 1742 1108 in
1764 1076 1970 1118 posteriorem
1998 1079 2087 1119 penis
2111 1090 2163 1110 ex-

486 1140 678 1171 tremitatem
702 1136 839 1167 desinat.

524 1196 636 1228 Pem's
656 1193 733 1235 (fig.
759 1193 799 1224 12
819 1196 850 1224 et
874 1192 925 1224 13.
938 1191 1000 1234 p.)
1022 1192 1056 1223 in
1079 1191 1238 1223 anteriore
1262 1191 1374 1223 dextra
1400 1190 1545 1232 corporis
1575 1194 1670 1231 parte
1704 1189 1846 1230 positus,
1881 1193 1981 1230 atque
2011 1190 2164 1222 oviductu

484 1251 723 1287 circumdatus,
754 1249 939 1281 continetur
965 1249 1098 1280 sacculo
1126 1252 1223 1279 ovato
1256 1246 1433 1289 parietibus
1459 1245 1630 1282 tenuibus,
1668 1245 1724 1288 qui
1749 1244 1862 1275 dextro
1891 1245 2035 1287 corporis
2066 1247 2165 1277 latere

480 1310 575 1351 juxta
611 1307 715 1338 basim
745 1304 902 1337 tentaculi
932 1304 1074 1347 aperitur
1107 1302 1188 1345 (fig.
1213 1303 1264 1335 12.
1288 1301 1372 1344 w.).
1421 1302 1577 1335 Sacculus
1608 1302 1662 1333 ille
1689 1300 1862 1332 retrahitur
1890 1311 1992 1341 parvo
2020 1304 2164 1334 musculo

486 1366 565 1406 (fig.
589 1365 627 1393 12
648 1367 679 1392 et
699 1363 751 1393 13.
768 1361 872 1400 m‘'')‚
897 1361 954 1400 qui
981 1360 1138 1400 originem
1163 1359 1252 1390 ducit
1274 1369 1292 1388 a
1316 1357 1462 1398 margine
1491 1356 1650 1388 anteriore
1676 1355 1945 1397 diaphragmatis.
1991 1355 2024 1386 Si
2051 1367 2166 1389 saccu-

485 1423 551 1453 lum
569 1420 660 1451 illum
681 1417 860 1459 aperimus,
884 1415 981 1446 aliam
1005 1415 1189 1455 vaginulam
1212 1413 1290 1455 (fig.
1311 1413 1360 1444 12.
1372 1412 1424 1452 ρ’)
1462 1412 1565 1452 magis
1595 1411 1728 1442 densam
1757 1416 1857 1451 atque
1880 1413 2093 1443 muscularem
2118 1414 2168 1445 in—

485 1477 647 1510 venimus,
671 1482 755 1514 quae
775 1480 880 1501 rursus
909 1469 1007 1500 aliam
1038 1467 1183 1509 ejusdem
1217 1471 1352 1500 naturae
1387 1467 1554 1503 continet,
1588 1466 1623 1498 in
1652 1477 1719 1508 quo
1749 1477 1867 1508 corpus
1891 1470 2009 1506 tenue,
2036 1469 2169 1511 elonga-

488 1539 575 1570 tum,
600 1530 709 1562 album
731 1526 890 1560 invenitur
904 1548 913 1566 ,
937 1523 1028 1567 quod
1047 1524 1134 1566 parti
1161 1522 1307 1555 inferiori
1327 1522 1498 1564 vaginulae
1525 1522 1689 1554 adhaeret.
1733 1522 1772 1554 In
1794 1522 1944 1560 sacculo,
1968 1524 2023 1564 qui
2052 1535 2169 1566 corpus

2087 1581 2168 1612 illud

494 1691 638 1721 testiculus
660 1694 744 1727 atque
766 1686 891 1713 ovarium
904 1704 912 1719 ‚
932 1692 1003 1721 quae
1022 1693 1073 1712 nos
1092 1684 1129 1711 ita
1148 1684 1320 1714 vocavimus,
1345 1691 1376 1709 re
1396 1691 1460 1710 vera
1479 1682 1527 1710 illa
1546 1692 1647 1719 organa
1665 1687 1743 1716 sunt,
1769 1690 1821 1718 pro
1839 1690 1894 1717 qna
1912 1683 2048 1709 sententia
2067 1684 2168 1711 dissec-

491 1742 580 1768 tiones
599 1744 682 1774 atque
700 1734 928 1767 observationes,
956 1741 1025 1768 quas
1045 1731 1113 1758 mihi
1133 1731 1160 1759 in
1184 1732 1279 1758 multis
1296 1731 1494 1758 Pneumouicis
1518 1731 1665 1767 praecipue
1684 1730 1713 1756 in
1731 1729 1891 1757 Limacibus
1910 1730 2054 1757 instituere
2072 1731 2165 1767 licuit,

494 1792 637 1826 pugnant,
663 1785 685 1812 si
709 1783 778 1811 tales
800 1781 914 1817 inquam
937 1784 1055 1807 eventus
1074 1779 1155 1807 nobis
1173 1779 1331 1814 dederunt,
1359 1787 1428 1815 quos
1455 1778 1570 1815 rejicere
1592 1777 1758 1813 nequimus,
1787 1775 1883 1804 ultima
1909 1780 2061 1813 sententia,
2080 1781 2167 1816 ⁸quod

493 1844 594 1873 nempe
614 1843 658 1861 vas
677 1831 805 1858 deferens
823 1830 851 1856 in
871 1829 985 1855 ductum
1005 1827 1166 1856 seminalem
1182 1832 1322 1862 transeat,
1342 1827 1434 1855 locum
1452 1826 1557 1854 habere
1576 1825 1668 1854 dehet.

529 1884 582 1920 (i)
601 1881 653 1908 Illa
681 1879 765 1906 etiam
791 1881 928 1904 structura
953 1879 1048 1903 contra
1071 1879 1192 1902 nostram
1211 1875 1378 1902 sententiam
1398 1881 1523 1913 pugnat3
1542 1884 1607 1902 nam
1628 1873 1651 1901 si
1677 1882 1707 1900 re
1735 1880 1801 1900 vera
1823 1872 1884 1899 talis
1905 1876 2043 1900 structura
2067 1873 2168 1900 ductus

497 1929 635 1958 seminalis
656 1929 685 1955 in
709 1926 849 1962 Vaginulo
878 1924 970 1952 locum
1000 1924 1126 1958 habeat,
1157 1931 1219 1950 mea
1239 1923 1377 1950 sententia
1400 1924 1564 1960 rejicienda,
1591 1921 1758 1951 Cuvierii
1779 1930 1844 1950 vero
1871 1918 2027 1957 accipienda
2049 1920 2168 1950 videtur.

496 1979 574 2005 Meae
600 1985 666 2004 vero
689 1974 897 2002 observationes
923 1978 951 2000 et
965 1993 973 2008 ,
993 1981 1064 2009 quae
1086 1972 1122 1999 ad
1140 1981 1253 1999 manum
1271 1970 1359 1999 habeo
1371 1992 1380 2007 ,
1402 1977 1567 2010 praeparata
1593 1980 1638 1999 me
1652 1980 1685 1998 eo
1705 1969 1824 2003 ducunt,
1842 1979 1898 1996 non
1916 1967 2089 2004 probabilem
2109 1977 2170 1995 esse

497 2023 664 2053 Cuvierii
689 2022 874 2056 sententiam,
895 2031 982 2059 quum
1004 2020 1213 2058 experimenta,
1238 2029 1311 2057 quae
1334 2021 1394 2057 ejus
1417 2026 1536 2058 systema
1553 2019 1721 2057 probarent,
1743 2019 1772 2045 in
1798 2027 1852 2045 uno
1875 2022 1982 2045 tantum
2006 2016 2168 2051 individuo,

496 2073 525 2100 in
547 2072 645 2109 spiritu
664 2070 722 2100 vini
742 2080 757 2098 e
777 2069 894 2098 Brazilia
916 2070 997 2098 allato
1013 2090 1021 2105 ,
1037 2068 1092 2098 sint
1112 2068 1256 2102 instituta,
1277 2072 1359 2105 atque
1375 2079 1390 2096 a
1409 2069 1467 2096 solo
1486 2069 1528 2096 de
1553 2066 1756 2096 Blainville
1780 2066 1937 2094 observata.

535 2121 583 2156 (2)
600 2119 686 2146 Forte
704 2118 895 2146 dilatationem
913 2117 990 2146 illam
1007 2126 1070 2145 cum
1089 2117 1219 2155 glandula
1241 2117 1406 2154 prostatica‚
1430 2122 1494 2152 aut,
1524 2116 1547 2144 si
1570 2125 1600 2144 re
1619 2125 1683 2151 vera
1700 2115 1823 2143 sacculus
1841 2119 1901 2149 est,
1927 2122 1990 2141 cum
2009 2112 2168 2140 dilatatione

498 2171 596 2198 auctus
614 2166 752 2195 seminatis
770 2170 913 2203 Lymneae
929 2167 1066 2205 stagnalis
1083 2166 1150 2203 (fig.
1168 2168 1211 2195 45.
1226 2165 1270 2199 d.)
1290 2174 1449 2203 comparare
1466 2174 1624 2203 possumus.

533 2219 584 2254 (3)
604 2215 656 2243 Illa
674 2219 812 2242 structura
830 2215 912 2243 etiam
929 2215 1011 2244 valde
1032 2213 1148 2244 mirifica
1166 2218 1224 2250 est,
1244 2220 1383 2251 nusquam
1395 2213 1512 2253 enimin
1525 2213 1640 2244 caeteris
1657 2210 1853 2243 Pneumonieis
1872 2211 1956 2239 talem
1972 2209 2164 2241 observamus,

502 2266 555 2296 nisi
573 2264 643 2294 forte
661 2263 690 2292 in
709 2263 845 2294 Onckidio
862 2265 986 2294 Peronti-
