2361 2974
448 216 741 250 RESPONsm
775 225 822 247 An
856 208 1224 256 QUAESTIONEM
1259 205 1607 245 zooLoeicaM.
1848 215 1870 249 ς·

191 311 349 344 ovarium.
394 309 514 340 Ductus
543 308 596 339 ille
626 313 691 338 tam
722 312 811 340 arcte
839 307 1006 339 oviductui
1040 305 1215 343 adhaeret,
1240 311 1275 336 ut
1301 305 1366 335 sine
1399 305 1632 336 dilaceratione
1662 306 1711 336 vix
1744 306 1784 338 ab*
1811 309 1867 340 illo

188 367 313 410 sejungi
340 366 457 407 possit;
480 369 665 406 praeterea,
687 374 756 406 quo
775 365 876 405 magis
909 365 1053 394 ovarium
1072 364 1334 405 appropinquat,
1363 366 1430 392 tam
1456 362 1555 392 tenuis
1586 365 1684 402 atque
1705 363 1867 404 pellucida

188 424 226 454 fit
247 422 315 465 ejus
333 421 544 459 membrana,
568 426 603 452 ut
621 426 705 452 statu
730 430 834 452 vacuo
855 419 978 460 adspici
1007 424 1164 460 nequeat,
1189 418 1315 460 liquore
1344 426 1419 450 vero
1446 418 1591 450 colorato
1618 419 1760 460 injecto,
1794 421 1868 461 pul-

190 480 347 510 cherrime
379 483 553 519 appareat,
586 478 641 519 qui
665 480 689 508 si
717 477 811 508 valde
834 476 953 507 fluidus
981 481 1081 517 atque
1109 476 1210 506 tenuis
1241 475 1390 516 (spiritus
1421 476 1483 506 vini
1518 485 1546 507 v.
1576 476 1634 516 c.)
1671 474 1867 514 adhibetur,

188 535 375 577 glandulam
408 534 639 575 prostati-nam,
665 543 750 574 quae
773 532 816 563 ibi
846 541 911 563 non
934 532 1120 569 oviductui,
1156 540 1266 563 verum
1297 531 1371 562 huic
1404 532 1492 572 parti
1521 532 1617 562 affixa
1652 536 1715 568 est,
1749 533 1868 573 saepis-

188 593 265 623 sime
290 591 387 622 etiam
407 591 519 631 replet.
566 589 643 620 Pars
673 600 747 620 vero
779 590 921 620 anterior
952 590 1067 620 ductus
1097 589 1272 623 seminalis,
1306 593 1482 629 antequam
1514 588 1546 618 in
1577 588 1666 629 penis
1697 590 1868 620 terminum

189 652 360 689 penetrat,
385 657 417 677 se
446 657 533 683 non,
561 645 608 676 uti
640 646 728 687 apud
760 646 929 676 Lz'maeem
957 645 1075 686 rufum
1108 644 1216 674 locum
1242 643 1359 680 habet,
1390 645 1513 674 circum
1536 645 1693 676 vesiculae
1728 645 1864 677 ductum

186 704 294 735 volvit.

230 761 338 791 I’enz‘s
363 758 441 799 (fig.
460 759 488 789 1.
510 768 556 799 g,
583 756 638 798 Ιι.)
665 757 800 787 formam
825 757 920 788 habet
943 757 1017 788 coni
1041 757 1130 794 cavi,
1155 757 1212 798 qui
1241 757 1273 786 in
1296 756 1410 797 apice,
1445 754 1501 785 ubi
1522 756 1638 786 ductus
1663 757 1819 788 seminalis
1834 758 1868 790 in

187 825 259 847 eum
282 819 449 856 penetrat,
473 824 608 855 parvam
632 814 855 844 dilatationem
877 814 1079 854 sphaericam
1113 814 1180 856 (g)
1211 812 1363 850 exhibet,
1397 811 1466 841 basi
1499 810 1565 851 (Ιι)
1594 821 1669 842 vero
1703 815 1870 846 sacculum

187 881 393 903 communem
414 871 629 912 generationis
648 872 761 908 intrat,
789 870 900 911 ibique
934 881 1007 901 cum
1026 871 1145 912 papilla
1178 869 1341 911 perforata
1372 868 1414 898 ad
1444 867 1547 898 basim
1576 877 1675 909 rugae
1702 869 1872 911 linguifor·

190 929 247 958 mis
260 927 382 958 hiatum
405 928 537 968 praebet
565 926 642 968 (fig.
654 926 687 958 5.
703 937 730 957 ε.
743 925 769 967 ).
804 925 936 957 Constat
957 937 974 957 e
993 926 1179 957 membrana
1195 926 1373 957 musculosa
1387 947 1395 960 ,
1420 925 1496 954 satis
1517 924 1613 954 densa
1633 929 1731 965 atque
1748 927 1870 964 solida,

187 985 272 1016 intus
295 983 420 1024 papillis
438 984 634 1024 glandulosis
653 982 732 1023 (fig.
752 981 829 1023 2.)‚
855 983 887 1013 in
905 983 1045 1014 seriebus
1067 992 1124 1024 per
1147 982 1383 1023 longitudinem
1412 979 1570 1020 dispositis
1585 1002 1593 1016 ,
1621 985 1718 1021 atque
1742 983 1869 1023 apicem

189 1049 293 1071 versus
313 1039 590 1076 decrescentibus,
619 1038 768 1079 praedita
782 1061 790 1075 ,
815 1039 933 1079 quibus
953 1040 1161 1070 verisimiliter
1182 1039 1290 1079 liquor
1314 1045 1462 1067 mucosus
1487 1037 1680 1073 secernitur,
1706 1043 1740 1068 ut
1762 1040 1870 1080 penis,

188 1096 324 1126 durante
343 1095 551 1137 copulatione
570 1096 737 1132 evolutus,
758 1095 814 1125 illo
841 1095 1035 1137 obtegatur,
1059 1100 1158 1136 atque
1182 1095 1239 1125 tali
1270 1094 1370 1124 modo
1395 1097 1508 1124 contra
1537 1091 1620 1123 ae'ris
1641 1093 1871 1126 efficacitatem

183 1157 335 1184 servetur.

235 1209 331 1240 Penis
352 1208 500 1240 Limaez's
524 1210 653 1240 ez'uerez'
676 1208 757 1250 (fig.
781 1209 810 1240 7.
832 1218 869 1249 g.
896 1208 927 1239 k.
952 1207 1007 1249 fig,
1035 1207 1131 1249 lo.j.
1146 1206 1204 1249 j.)
1240 1207 1378 1238 multum
1398 1205 1503 1237 differt
1528 1204 1569 1236 ab
1590 1206 1665 1242 illo,
1696 1215 1793 1247 quem
1816 1207 1876 1238 de·

189 1265 383 1305 scripsimus.
429 1264 538 1295 Forma
571 1265 640 1305 ejus
661 1269 791 1295 externa
816 1264 895 1304 (fig.
912 1264 943 1295 7.
958 1275 995 1305 g.
1023 1263 1079 1304 Ιι.)
1116 1263 1297 1304 cylindrica
1322 1267 1366 1294 est
1389 1268 1419 1294 et
1442 1267 1614 1301 contorta,
1647 1267 1745 1303 atque
1767 1264 1875 1305 longi-

188 1320 301 1350 tudine
327 1320 375 1350 bis
393 1324 608 1350 memoratum
630 1324 769 1360 superat.
815 1319 955 1357 Quando
989 1320 1131 1359 aperitur
1167 1319 1244 1359 (fig.
1267 1319 1350 1359 8.),
1382 1319 1548 1349 imminens
1577 1319 1609 1348 in
1643 1329 1681 1349 eo
1712 1320 1871 1350 invenitur

183 1382 262 1415 ruga
292 1374 369 1414 (fig.
389 1375 421 1404 8.
440 1385 474 1404 τι.
492 1386 523 1404 u.
538 1376 592 1414 u.)
609 1396 616 1409 ,
641 1376 735 1414 cujus
755 1376 874 1403 utilitas
893 1374 970 1403 mihi
994 1375 1127 1412 eadem,
1155 1385 1193 1405 ac
1220 1385 1319 1415 rugae
1341 1374 1551 1414 linguiformis
1573 1375 1695 1404 sacculi
1725 1385 1874 1405 commu-

185 1432 234 1462 nis
268 1429 482 1471 generationis
508 1439 572 1459 esse
608 1429 742 1462 videtur.
798 1429 886 1459 Intus
916 1429 1109 1460 membrana
1147 1430 1412 1461 mucosavtectus
1439 1434 1505 1466 est,
1539 1439 1624 1469 quae
1655 1429 1715 1459 illis
1746 1431 1875 1472 papillis

188 1486 410 1528 glandulosis,
440 1495 522 1525 quas
553 1486 585 1514 in
620 1485 762 1515 Lz'mace
795 1486 877 1522 rufo
913 1486 1177 1521 memoravimus,
1212 1490 1311 1515 caret.
1357 1485 1561 1515 Extremitate
1589 1486 1746 1516 anteriore
1779 1488 1873 1528 penis

189 1541 367 1572 musculum
388 1539 613 1570 retractorium
642 1539 722 1581 (fig.
749 1541 779 1572 7.
802 1545 832 1569 et
851 1539 884 1570 8.
910 1550 942 1581 q.
976 1539 1031 1579 fig.
1056 1540 1105 1570 10.
1131 1540 1206 1580 η.>,
1244 1539 1335 1581 cujus
1357 1550 1473 1581 scopus
1492 1544 1539 1569 est
1567 1551 1680 1582 penem
1710 1543 1872 1575 evolutum

193 1603 265 1639 'post
292 1596 534 1636 copulationem
559 1596 740 1634 retrahere,
767 1597 898 1627 affixum
933 1594 1154 1632 observamus,
1190 1597 1323 1627 alteram
1351 1607 1425 1627 vero
1454 1597 1586 1626 musculi
1613 1599 1867 1636 extremitatem,

189 1651 440 1694 diaphragmati.
485 1651 609 1682 Ductus
632 1652 792 1683 seminalis
810 1652 903 1693 juxta
925 1652 1059 1681 musculi
1080 1653 1260 1682 retractorii
1282 1652 1485 1682 insertionem
1509 1653 1682 1684 lateraliter
1702 1654 1734 1684 in
1754 1665 1868 1695 penem

188 1712 356 1750 penetrat,
385 1707 462 1747 (fig.
484 1707 516 1738 8.
539 1707 615 1748 fi),
642 1714 740 1750 atque
760 1709 805 1739 ibi
841 1719 915 1739 cum
949 1713 1098 1749 apertura
1122 1709 1216 1740 valde
1241 1709 1354 1750 exigua
1385 1707 1466 1749 (fig.
1487 1708 1518 1739 8.
1540 1709 1592 1749 t.)
1631 1710 1793 1751 aperitur,
1818 1711 1866 1742 ita

186 1770 221 1796 ut
243 1763 433 1794 difficillime
456 1761 617 1794 observari
640 1766 747 1805 possit.

229 1820 400 1860 Descriptis
435 1821 565 1860 organis
597 1821 798 1858 masculinis,
835 1825 1031 1852 transeamus
1063 1821 1106 1852 ad
1136 1821 1383 1863 explicationem
1416 1831 1611 1862 organorum
1645 1822 1867 1855 functionibus

188 1876 329 1907 femineis
352 1876 569 1917 generationis
592 1877 843 1909 inservientium.

231 1932 373 1962 Primum
406 1932 537 1972 quidem
572 1932 685 1964 horum
717 1944 931 1976 organorum,
968 1935 1011 1965 ad
1032 1935 1211 1966 vitellorum
1231 1935 1438 1965 secretionem
1470 1939 1602 1975 aptum,
1639 1940 1685 1965 est
1713 1940 1865 1968 ovarz‘um

191 1987 268 2028 (fig.
293 1988 305 2017 l
330 1992 360 2018 et
379 1989 409 2020 7.
432 1991 451 2018 ε’.
467 1990 488 2019 z'.
504 1988 515 2029 )
531 2013 538 2026 ‚
565 1991 654 2031 quod
678 1992 784 2022 media
811 1992 954 2032 corporis
989 1996 1080 2032 parte
1114 1991 1170 2021 sub
1195 1991 1347 2021 intestinis
1372 1991 1530 2022 invenitur
1563 1992 1641 2033 (fig.
1668 1992 1717 2022 10.
1742 2004 1817 2024 v.v.
1833 1995 1861 2033 ).

187 2043 261 2085 Ejus
281 2045 470 2086 magnitudo
490 2047 583 2078 valde
608 2058 666 2088 pro
693 2048 780 2079 vario
799 2049 875 2079 anni
895 2053 1037 2089 tempore
1059 2053 1156 2089 atque
1186 2048 1330 2078 animalis
1360 2053 1443 2078 statu
1479 2048 1596 2079 differt.
1642 2048 1756 2079 Paucis
1778 2050 1862 2080 enim

191 2098 303 2130 diebus
345 2106 519 2143 antequam
549 2114 608 2135 ova
641 2105 864 2146 deponuntur,
909 2105 1162 2146 magnitudinem
1190 2104 1286 2135 habet
1325 2104 1379 2145 fig.
1401 2104 1430 2135 l.
1456 2106 1510 2134 z'.z‘.
1543 2105 1756 2143 delineatam;
1791 2112 1863 2147 post

188 2157 420 2198 depositionem
447 2170 522 2190 vero
554 2161 666 2192 sensim
687 2162 781 2192 valde
808 2162 1009 2198 diminuitur,
1036 2163 1144 2192 donec
1174 2163 1304 2192 tandem
1331 2171 1397 2192 non
1428 2161 1564 2201 amplius
1593 2162 1729 2202 spatium
1759 2173 1860 2194 occu-

187 2218 266 2255 pat,
301 2224 400 2255 quam
433 2221 609 2247 sextantem
640 2219 868 2259 magnitudinis
892 2219 1013 2260 prioris.
1058 2218 1202 2260 Hyemali
1235 2226 1334 2259 atque
1363 2219 1482 2248 vernali
1518 2222 1661 2259 tempore
1685 2219 1726 2249 ad
1757 2230 1856 2260 copu-

187 2271 314 2301 lationis
345 2282 444 2312 usque
464 2274 603 2305 stadium
635 2275 678 2305 ita
701 2281 827 2312 manet,
854 2276 986 2316 quando
1012 2276 1125 2306 sensim
1149 2276 1326 2316 sensimque
1355 2279 1507 2315 augetur,
1544 2285 1642 2316 quam
1671 2277 1855 2306 auctionem

187 2327 362 2369 praecipue
382 2333 454 2369 post
475 2330 563 2362 ittam
584 2333 823 2373 copulationem
837 2334 1056 2370 observamus,
1083 2343 1183 2374 quum
1204 2332 1321 2363 deinde
1340 2332 1373 2363 in
1397 2332 1463 2363 dies
1493 2333 1628 2374 amplius
1650 2333 1725 2369 fiat,
1751 2332 1856 2362 donec

1809 2387 1861 2418 die
