2361 2974
396 261 699 296 RESPONSIO
726 271 775 294 ln
810 260 1196 304 QUAESTIONEM
1230 254 1587 298 zooLOGmAM.
1791 270 1833 301 23

205 359 264 391 Ubi
291 357 365 389 illae
388 356 607 389 contorsiones
634 355 781 387 desinunt
805 358 903 396 atque
928 353 1094 386 descendit
1125 357 1314 394 oviductus,
1340 368 1415 390 cum
1449 367 1587 400 corpore
1615 359 1710 391 valde
1741 369 1832 401 mag·

162 425 225 451 no.
259 413 451 455 glanduloso
474 411 552 453 (fig.
574 410 628 443 45.
648 412 740 453 gu),
772 412 866 445 viridi
896 409 978 440 fusci
1011 410 1128 442 coloris
1162 417 1261 454 atque
1291 413 1413 444 formae
1444 413 1634 454 sphaericae
1667 415 1834 457 paululum

164 470 336 510 elongatae
356 466 529 503 cohaeret,
551 476 618 508 quo
643 468 790 498 materies
816 467 974 508 glutinosa
996 467 1180 499 secernitur.
1226 468 1317 499 Haec
1348 468 1503 508 glandula
1527 479 1603 500 cum
1631 470 1694 502 illis
1715 480 1834 502 conve-

162 525 228 560 nit,
254 534 335 565 quas
353 523 387 555 in
410 522 584 553 Planorbe
606 522 777 563 glandulas
801 521 972 553 oviductus
998 523 1192 555 vocavimus.

206 579 361 621 organon
384 578 464 609 illud
498 577 682 619 peculiare,
715 577 748 607 in
772 575 864 617 quod
898 576 1086 608 oviductum
1111 579 1243 610 transire
1268 578 1404 610 diximus
1437 577 1519 620 (fig.
1542 579 1593 611 45.
1618 583 1699 624 n.)‚
1736 583 1832 614 habet

163 634 299 664 formam
321 637 448 665 ovatam
464 655 473 671 ,
497 633 663 674 paululum
688 632 895 673 deplanatam
923 636 1021 673 atque
1049 633 1190 664 colorem
1223 634 1464 667 fusco-ssavum.
1513 637 1589 678 Ejus
1609 640 1745 679 parietes
1767 641 1834 671 val-

165 689 206 720 de
227 689 318 720 densi
340 693 411 719 sunt
435 692 466 718 et
495 689 710 725 musculares,
734 684 946 727 aliquomodo
975 687 1214 728 cartilaginosi,
1239 694 1337 730 atque
1370 690 1459 721 fibris
1483 694 1742 725 transversatibus
1769 695 1836 726 sor-

166 748 305 774 mantur.
349 743 399 773 Ob
417 742 575 782 parietum
603 742 844 774 crassiuidinem
870 741 991 774 cavitas
1013 743 1082 784 ejus
1102 744 1225 776 interna
1251 746 1354 776 multo
1379 746 1483 777 minor
1515 751 1580 784 est,
1606 758 1705 789 quam
1731 755 1836 782 exter-

164 809 204 829 ne
230 798 298 839 ejus
320 796 500 838 amplitudo
530 797 702 830 indicaret.

206 853 329 884 Transit
350 854 381 883 in
405 854 566 894 vaginam
593 854 670 896 (fig.
689 855 742 886 45.
767 854 823 895 k.)
849 853 1000 893 brevem,
1028 865 1093 886 non
1123 857 1263 896 amplam
1293 862 1390 898 atque
1418 863 1599 892 structurae
1627 862 1833 899 muscuhffis,

165 909 257 951 cujus
288 909 448 940 orificium
479 913 645 941 externum
677 911 789 942 dextro
823 910 969 951 corporis
993 909 1111 947 latere,
1145 912 1200 942 ubi
1227 912 1358 953 pallium
1385 924 1460 947 cum
1492 920 1565 948 cute
1598 915 1835 958 conjungitur,

168 966 337 998 invenitur.

213 1023 246 1052 ln
274 1022 329 1052 illo
351 1020 475 1052 orificio
497 1022 593 1053 etiam
623 1023 766 1063 aperitur
799 1022 923 1053 ductus
948 1023 1158 1053 excretomm
1184 1023 1353 1055 vesiculae
1388 1024 1462 1066 (fig.
1481 1024 1535 1056 45.
1560 1026 1626 1066 m.)
1659 1027 1838 1060 admodum

166 1078 280 1118 longus
303 1080 334 1106 et
368 1076 511 1117 amplus,
543 1078 731 1109 muscularis
758 1082 948 1109 structurae.
999 1078 1151 1109 Vesz‘cula
1186 1079 1265 1120 (fig.
1285 1079 1337 1111 45.
1362 1079 1434 1121 L),
1468 1091 1486 1111 e
1515 1091 1582 1122 qua
1616 1083 1738 1121 oritur,
1774 1086 1840 1116 tela

164 1133 317 1165 cellulosa
342 1142 464 1175 organo
487 1143 510 1162 n
534 1132 711 1171 adhaeret,
735 1132 832 1165 habet
857 1132 996 1164 formam
1016 1133 1218 1175 sphaericam
1243 1140 1342 1178 atque
1363 1136 1505 1168 colorem
1530 1146 1662 1170 russum.

895 1237 1116 1253 *—

209 1309 297 1340 Haec
331 1315 402 1340 sunt
426 1310 495 1342 VV.
521 1311 607 1349 CC.‚
644 1321 730 1354 quae
764 1311 938 1353 praecipue
968 1322 1003 1342 ex
1036 1313 1191 1354 propriis,
1225 1314 1340 1353 partim
1371 1323 1445 1344 vero
1470 1323 1507 1345 ex
1531 1315 1664 1345 aliorum
1698 1315 1835 1357 indaga-

169 1365 310 1396 tionibus
331 1366 407 1396 milii
428 1371 612 1406 patuerunt.
659 1367 831 1407 Sequitur,
863 1372 897 1397 ut
921 1372 1012 1407 parte
1036 1369 1132 1398 altem
1156 1368 1325 1398 sententias
1348 1368 1561 1400 recentiorum
1585 1370 1625 1400 de
1650 1371 1687 1401 iis
1711 1373 1837 1402 anima-

167 1421 249 1452 libus
271 1430 478 1462 exponamus,

1732 2440 1838 2471 PARS
