2361 2974
520 230 816 264 RESPONSIO
847 239 894 262 An
929 228 1294 271 QUAESTIONEM
1325 220 1665 267 ZO'dLOGICAM.
1879 237 1914 268 lt

242 323 323 353 illud
350 322 510 359 continet,
543 323 660 355 ductus
686 322 845 353 seminalis
872 321 998 353 orificio
1029 322 1198 353 manifesto
1219 321 1382 364 aperitur,
1416 321 1461 352 ita
1493 327 1526 354 ut
1546 323 1579 354 in
1609 322 1696 354 hisce
1720 325 1911 356 animalibus

242 379 332 419 penis
363 379 552 410 dilatatione
579 384 696 415 ovata,
732 378 858 408 duabus
882 378 1138 410 extremitatibus
1175 378 1361 419 perforata,
1395 377 1538 416 desinat,
1574 389 1659 421 quae
1692 383 1914 413 contractione

240 435 397 475 parietum
423 435 612 476 vaginulae,
639 435 671 466 in
692 445 757 475 qua
780 434 981 471 continetur,
1006 445 1043 465 ex
1069 435 1123 465 illa
1144 435 1274 475 prodire
1295 439 1412 475 potest.

282 491 320 521 In
342 494 433 531 parte
452 491 611 521 anteriore
633 490 728 531 hujus
752 491 894 527 sacculi,
919 494 1050 531 propter
1073 489 1142 530 ejus
1164 490 1323 521 orificium
1346 495 1530 527 externum,
1555 501 1620 522 uno
1642 496 1765 523 tantum
1790 493 1914 524 orificio

238 547 426 577 terminatur
448 546 620 577 fasciculus
641 555 776 587 magnus
805 546 1021 588 appendicum
1054 545 1135 586 (fig.
1165 545 1214 576 12.
1235 545 1360 586 x.x.),
1391 547 1456 578 sive
1486 548 1688 579 sacculorum
1714 549 1913 586 clausorum,

239 601 491 643 cylindricorum
522 605 620 642 atque
653 601 875 642 elongatorum
901 601 986 641 (1),
1021 611 1160 641 quorum
1188 601 1296 632 lumen
1318 601 1412 632 valde
1437 608 1607 643 angustum
1631 608 1696 640 est,
1732 605 1855 646 quique
1885 616 1916 636 se

239 658 376 698 primum
407 658 449 688 ad
470 658 576 699 plures
601 657 738 687 minores
765 656 934 687 fasciculos
957 655 1182 697 conjungunt,
1206 657 1262 697 qui
1288 655 1433 688 fasciculi
1465 658 1497 688 in
1526 658 1627 689 ductu
1655 661 1817 690 communi
1841 671 1918 702 ape·

236 715 376 752 riuntur;
401 723 547 755 organon
572 713 652 743 illud
676 723 695 743 a
722 713 884 744 nonnullis
912 712 1121 753 scriptoribus
1144 723 1381 753 nonnunquam
1405 713 1535 744 nomine
1565 715 1792 746 vesiculas-um
1819 720 1917 748 semi·

235 771 365 801 nalium
395 769 581 810 designatur
603 767 690 808 (2),
731 768 824 810 cujus
851 768 1081 800 nominationis
1105 778 1235 798 causam
1259 768 1359 799 latere
1379 768 1460 800 dicit
1484 769 1528 799 de
1553 769 1800 803 Blainville.

285 825 450 857 Ovarz‘um
480 824 559 866 (fig.
577 818 634 856 12.
661 835 690 857 ε.
710 825 763 864 ς.)
800 824 918 855 format
951 835 1086 856 massam
1116 824 1209 855 valde
1241 834 1416 866 magnam,
1448 826 1616 866 paululum
1649 826 1875 868 deplanatam,
1901 840 1917 861 e

239 881 355 912 lobulis
378 881 500 922 pariete
530 880 661 919 interno·
679 881 879 923 sconjunctis
901 885 1124 919 constantem,
1148 885 1247 921 atque
1278 885 1404 922 partem
1434 881 1618 913 inferiorem
1649 889 1679 914 et
1703 884 1843 915 mediam
1871 886 1919 916 in-

238 938 426 968 testinorum
447 941 602 978 occupa&
646 936 725 968 Pars
748 937 905 973 anterior,
935 947 1019 978 quae
1045 946 1120 968 cum
1142 935 1297 967 oviductu
1322 936 1500 978 conjuncta
1524 943 1587 975 est,
1613 941 1779 980 paululum
1805 952 1822 971 a
1843 951 1916 982 pos-

238 994 353 1024 teriore
383 992 507 1029 differt,
531 1003 647 1034 nempe
680 994 836 1035 adspectu
870 993 1041 1035 granulosa
1066 993 1169 1033 magis
1197 993 1385 1034 conspicua.
1431 994 1608 1036 Praecipue
1634 996 1667 1026 in
1690 1001 1784 1037 parte
1809 1001 1916 1037 poste-

236 1050 318 1080 riore
341 1049 497 1089 originem
519 1048 637 1080 ductus
657 1050 817 1082 seminalis
836 1049 1005 1082 observare
1033 1049 1138 1091 potuit
1165 1048 1231 1090 (5)
1250 1047 1313 1090 (?)

283 1105 471 1136 Ovz'ductus
493 1104 571 1146 (fig.
596 1105 636 1137 12
657 1111 688 1137 et
714 1106 753 1137 13
773 1105 867 1148 k‘k‘)
891 1110 1016 1148 partem
1047 1105 1238 1136 anteriorem
1262 1105 1420 1136 sinistram
1445 1106 1593 1138 navitatis
1621 1107 1837 1140 abdominalis
1860 1120 1919 1142 oc·

237 1167 347 1204 cupat.
392 1161 496 1193 Habet
515 1161 708 1193 diametrum
737 1164 840 1194 multo
858 1162 1037 1205 majorem,
1060 1172 1160 1203 quam
1183 1172 1238 1193 vas
1261 1161 1426 1200 deserens,
1451 1167 1549 1204 atque
1569 1164 1706 1205 parietes
1728 1166 1830 1206 magis
1851 1168 1917 1207 pel-

237 1218 381 1255 lucidos,
408 1218 465 1259 qui
496 1229 647 1260 magnam
676 1220 891 1261 quantitatem
919 1219 1073 1250 materiae
1105 1218 1325 1249 albuminosae
1355 1219 1580 1256 continebant,
1612 1230 1697 1261 quae
1725 1231 1831 1262 aqua,
1856 1222 1919 1252 du-

236 1279 326 1304 rante
355 1274 546 1314 dissectione
570 1280 746 1317 apsorpta,
777 1275 873 1307 valde
900 1274 1061 1306 intumuit.
1108 1273 1222 1304 Multas
1255 1275 1314 1306 init
1341 1275 1603 1312 convolutiones,
1638 1286 1776 1317 quarum
1806 1278 1915 1309 ultima

238 1335 326 1361 recta
352 1335 526 1362 transverse
552 1341 571 1362 a
598 1332 698 1363 latere
719 1331 845 1362 sinistro
874 1330 916 1361 ad
940 1330 1087 1361 dextrum
1109 1339 1142 1360 se
1169 1329 1311 1366 confert,
1337 1330 1394 1361 sub
1420 1331 1573 1363 intestinis
1602 1334 1782 1373 procurrit,
1815 1338 1915 1376 atque

238 1386 354 1415 dextro
383 1386 482 1416 latere
512 1387 673 1427 aperitur,
698 1386 753 1416 ubi
782 1387 933 1427 clypeum
965 1394 1040 1415 cum
1076 1385 1162 1425 pede
1195 1385 1428 1427 conjungitur,
1453 1387 1560 1418 media
1593 1388 1658 1418 rere
1691 1395 1782 1429 parte
1812 1391 1917 1430 longi-

237 1440 356 1472 tudinis
387 1441 552 1482 corporis,
575 1451 651 1473 cum
677 1440 823 1478 orificio,
848 1440 958 1482 plicis,
980 1439 1091 1471 stellae
1113 1441 1147 1471 in
1176 1439 1312 1472 sormam
1335 1442 1466 1483 positis,
1488 1443 1645 1474 instructo
1670 1442 1744 1484 (fig.
1769 1444 1809 1475 13
1830 1446 1916 1487 sm).

238 1496 343 1537 Prope
378 1496 447 1537 ejus
478 1496 576 1528 finem
607 1496 743 1538 parietes
775 1495 945 1527 oviductus
981 1493 1103 1525 habent
1132 1495 1324 1527 densitatem
1356 1501 1456 1538 atque
1486 1498 1695 1529 resistentiam
1725 1499 1790 1530 fere
1821 1502 1917 1532 carti-

236 1552 424 1594 laginosam.

282 1607 389 1649 Prope
413 1607 585 1639 oviductus
619 1606 788 1638 terminum
816 1605 1002 1638 vesiculam
1030 1612 1165 1639 ovatam
1202 1607 1279 1649 (fig.
1298 1606 1348 1640 12.
1372 1618 1406 1639 u.
1438 1608 1494 1650 fig.
1523 1608 1573 1641 13.
1600 1609 1653 1650 z.)
1691 1610 1893 1644 observamus

1908 1637 1916 1650 9

1860 1680 1916 1700 CH-

275 1767 286 1800 (
298 1766 329 1800 1)
347 1763 453 1792 Sacculi
471 1763 513 1791 illi
530 1763 714 1802 probabiliter
729 1763 900 1792 conveniunt
917 1771 981 1791 cum
999 1763 1123 1793 vesiculis
1139 1764 1281 1801 multifidas
1299 1765 1415 1793 Helicis.

275 1816 329 1849 (2)
349 1813 435 1840 Nullo
452 1817 547 1840 tamen
568 1813 622 1840 alio
648 1812 709 1840 loco
738 1811 869 1839 vesiculas
892 1811 1044 1841 multifidas
1070 1823 1134 1842 cum
1151 1813 1277 1842 vesiculis
1298 1811 1477 1841 seminalibus
1500 1818 1672 1851 comparatas
1699 1816 1800 1844 iuveni.

275 1863 330 1898 (3)
348 1861 477 1890 Forsitan
496 1870 561 1898 pars
583 1860 631 1888 illa
653 1859 790 1898 posterior
811 1859 864 1887 erit
885 1859 997 1888 lobulus
1018 1862 1146 1900 hepatis;
1173 1861 1239 1889 dicit
1266 1869 1367 1898 nempe
1396 1861 1437 1888 de
1455 1859 1670 1890 Blainville
1696 1863 1781 1900 paulo
1801 1874 1815 1890 a
1835 1870 1913 1901 parte

244 1909 384 1938 anteriore
410 1908 538 1943 differre,
565 1913 649 1945 atque
674 1907 803 1936 arteriam
827 1908 983 1946 hepaticam
1002 1909 1068 1947 (fig.
1090 1920 1130 1937 ια.
1149 1911 1190 1944 α’)
1207 1918 1236 1936 se
1254 1917 1305 1946 per
1326 1908 1402 1936 illam
1424 1908 1594 1946 dispergere.
1629 1910 1680 1938 Illa
1705 1911 1847 1948 dispositIO
1871 1923 1914 1940 ar·

243 1957 330 1985 teriae
350 1956 494 1995 hepaticae
515 1965 568 1993 per
593 1957 719 1985 ovaxium
742 1956 772 1983 in
797 1956 881 1984 nullis
903 1957 960 1984 aliis
981 1957 1175 1985 Pneumonicis
1202 1956 1385 1990 observatur.
1411 1958 1462 1984 sed
1487 1968 1580 1986 ramus
1603 1958 1686 1994 hujus
1711 1960 1845 1993 arteriae,
1870 1962 1917 1996 qui

244 2005 388 2036 oviductus
405 2004 613 2033 convolutiones
640 2004 798 2042 percurrit,
828 2009 856 2031 et
875 2012 958 2041 quem
980 2004 1034 2039 jam
1059 2008 1140 2031 antea
1159 2005 1187 2031 in
1205 2007 1318 2032 Limace
1342 2004 1409 2041 (fig.
1423 2017 1448 2041 7.
1467 2008 1507 2041 r.)
1536 2006 1760 2039 observavimus,
1787 2008 1869 2035 etiam
1889 2009 1917 2034 in

244 2053 370 2082 ovarium
388 2052 509 2081 ramulos
528 2052 682 2088 distribuit;
704 2053 733 2080 in
753 2052 812 2081 aliis
836 2051 1030 2080 Pneumonicis
1052 2051 1164 2088 quidem
1181 2050 1294 2080 lobulus
1311 2052 1420 2090 hepatis
1447 2055 1524 2089 juxta
1543 2056 1668 2084 ovarium
1687 2056 1790 2092 adspici
1808 2062 1916 2093 potest,

246 2110 296 2138 per
313 2110 397 2139 quem
425 2100 552 2130 lobulum
571 2102 667 2130 eadem
686 2102 815 2136 ratione,
846 2110 876 2129 ac
902 2100 956 2128 hoc
982 2099 1040 2126 loco
1067 2108 1119 2137 per
1145 2106 1253 2137 partem
1276 2102 1459 2139 posteriorem
1484 2105 1569 2133 ovarii
1598 2104 1661 2141 (fig.
1683 2113 1723 2132 η.
1741 2105 1792 2139 5.),
1817 2106 1917 2132 arteria

250 2149 374 2186 hepatica
393 2158 421 2177 se
449 2150 590 2187 dispergit.
629 2149 816 2186 (conferatur
846 2148 1011 2178 Cuvierii
1038 2148 1159 2177 Limacis
1181 2152 1236 2186 rufi
1263 2150 1341 2184 icon,
1373 2152 1447 2180 Aun.
1477 2153 1515 2179 du
1546 2153 1617 2180 Mus.
1647 2153 1804 2182 TonnVII.
1832 2153 1874 2183 Pl.
1892 2166 1914 2189 9.

249 2197 309 2234 Fig.
323 2207 363 2227 ια.
381 2198 407 2227 k.
421 2200 456 2233 s.)
500 2198 528 2226 Si
541 2204 635 2226 tamen
654 2208 718 2236 pars
736 2199 783 2227 illa
802 2198 913 2227 lobulus
933 2203 1004 2226 esset
1020 2196 1142 2235 hepatis,
1162 2197 1238 2225 haud
1256 2197 1340 2227 etiam
1357 2200 1455 2228 ductus
1473 2200 1611 2229 seminalis
1625 2209 1658 2228 ex
1675 2200 1721 2229 illa
1741 2201 1805 2229 oriri
1819 2208 1921 2239 posset.

250 2245 327 2279 Quid
351 2249 442 2274 autem
468 2246 521 2273 hac
546 2247 581 2274 de
610 2255 641 2273 re
664 2248 720 2281 sit,
748 2247 838 2275 dicere
863 2247 1029 2284 nequimus,
1062 2247 1246 2283 repetendum
1279 2253 1373 2275 tamen
1397 2249 1602 2279 observationes
1633 2255 1717 2287 atque
1747 2250 1918 2279 dissecnones

253 2301 327 2321 meas
342 2302 398 2321 non
415 2295 575 2332 permittere
595 2305 718 2332 organon
737 2295 807 2324 illud
826 2295 981 2324 testiculum
999 2304 1115 2330 vocare,
1133 2296 1168 2323 de
1187 2305 1242 2332 quo
1261 2301 1360 2332 postea
1381 2297 1547 2328 videbimus.

1201 2362 1272 2394 132
