2361 2974
468 217 489 248 4
1020 213 1587 255 M.C.VERLOREN‚

478 316 676 348 quamquam
698 306 790 337 multi
811 305 919 337 eximii
942 305 1000 336 viri
1021 309 1092 346 post
1115 315 1187 335 eum
1221 315 1288 336 rem
1320 306 1482 348 explicare
1514 308 1623 340 conati
1652 307 1734 345 sint,
1761 309 1857 341 etiam
1881 308 1930 343 his
1964 315 2157 354 temporibus

478 364 515 394 lis
539 367 584 394 est
603 363 686 393 inter
706 363 893 393 Treviranos
906 386 914 399 ‚
942 361 1042 395 C‘firos
1063 361 1217 403 aliosque.

524 419 596 450 Non
618 418 714 450 facile
736 418 863 449 idcirco
891 418 937 449 ibi
972 418 1161 449 sententiam
1194 417 1292 455 ferre,
1327 417 1382 449 ubi
1423 421 1501 451 tales
1534 420 1733 452 dissentiunt.
1788 421 1833 452 Ne
1866 422 1963 464 igitur
1995 424 2066 457 VV.
2096 426 2157 459 CC,

476 486 493 505 a
510 475 632 516 juvene
650 475 792 516 poscatis
808 498 815 512 ,
841 479 875 505 ut
901 474 1079 516 quidquam
1102 474 1262 505 affirmare
1287 474 1426 513 audeat3
1456 487 1492 507 ea
1520 481 1644 507 tantum
1669 488 1849 519 proponam
1865 502 1872 515 ‚
1906 490 1991 520 quae
2017 491 2066 511 me
2096 482 2159 513 dis-

475 533 630 564 sectiones
648 536 678 561 et
703 532 917 572 experimenta
945 532 977 562 in
1015 529 1159 572 pluribus
1190 535 1277 562 certe
1307 541 1406 573 quam
1439 531 1482 564 60
1505 533 1677 565 individuis
1702 533 1862 572 docuere,
1898 535 1974 566 dum
1997 535 2161 577 judicium

478 587 682 630 peritioribus
711 588 903 629 relinquam.

521 644 704 675 Secundum
726 645 949 685 quaestionem
974 643 1278 676 commentationem
1301 644 1344 675 ita
1364 644 1572 677 dividendam
1598 646 1727 688 putavi3
1751 651 1787 677 ut

517 700 655 731 PARTE
686 700 720 730 1³
781 702 934 742 Agerem,
975 699 1023 738 de
1056 708 1260 738 structura
1301 713 1543 753 organorum
1574 702 1842 753 generationis
1876 703 1916 741 in
1943 703 2155 745 Molluscis

781 765 1072 818 Gastel'opodis
1096 766 1400 818 pneumonicis‚
1430 768 1521 808 quod
1542 778 1657 806 omne,
1681 771 1814 802 exoticis
1846 776 1969 804 tantum
1990 776 2131 815 exceptis
2149 798 2157 811 ,

782 834 918 875 propriis
940 835 1051 865 nititur
1076 835 1298 877 experimentis
1312 858 1320 872 ,

516 890 657 921 PARTE
682 891 759 927 lla,
787 890 835 928 de
857 891 982 929 variis
1016 892 1281 933 recentiorum
1302 891 1540 944 scriptorum
1568 891 1615 929 <le
1647 892 1788 930 harum
1821 895 1993 945 partium
2015 904 2158 933 natura

787 959 993 997 sententiis
1011 990 1022 1008 2
1058 970 1122 1001 qua
1150 960 1184 991 in
1216 970 1250 991 re
1279 970 1377 1001 saepe·
1405 959 1561 1000 optimum
1591 969 1655 990 esse
1686 962 1817 1001 putavi,
1844 966 1877 992 ut
1900 963 2035 1003 propriis
2058 963 2161 994 verbis

779 1026 956 1061 nonnullas
975 1038 1086 1059 eorum
1110 1027 1282 1059 sententias
1305 1026 1520 1062 adducerem,
1547 1031 1645 1067 atque

515 1080 662 1112 PARTE
687 1081 751 1112 111³
788 1091 864 1130 ut,
909 1083 1149 1137 comparatio
1183 1084 1462 1121 institueretur
1508 1082 1794 1120 sententiarum
1838 1074 2034 1131 illarum,
2078 1092 2159 1122 tarn

781 1148 884 1188 inter
906 1164 974 1199 se,
1006 1165 1125 1204 quam
1147 1164 1238 1189 curn
1261 1151 1437 1203 propriis
1459 1148 1805 1203 indagationibus,

518 1214 618 1246 Doleo
639 1225 704 1247 non
728 1218 900 1259 contigisse
924 1219 1002 1250 mihi
1026 1221 1131 1260 plures
1159 1219 1327 1260 acquirere
1363 1219 1501 1259 species,
1536 1229 1595 1249 nec
1626 1218 1690 1249 arlia
1724 1230 1864 1260 genera,
1898 1221 1961 1252 sive
1983 1221 2157 1262 indigena·,

476 1272 538 1301 sive
558 1273 711 1313 imprimis
733 1276 859 1305 exotica
875 1298 881 1310 ‚
909 1281 939 1305 et
960 1277 1137 1306 secundam
1158 1280 1257 1316 atque
1279 1275 1434 1315 imprimis
1451 1274 1597 1304 ultimam
1618 1274 1847 1315 disquisitionis
1866 1282 1988 1317 partem
2009 1287 2076 1307 non
2094 1282 2159 1307 tam

480 1333 633 1359 accurate
655 1339 718 1360 esse
739 1330 961 1369 elaboratam,
988 1342 1087 1373 quam
1117 1332 1251 1372 quidem
1280 1331 1312 1361 in
1335 1331 1443 1359 animo
1469 1335 1571 1364 esset3
1606 1331 1725 1358 multae
1745 1333 1829 1359 enim
1854 1333 1946 1365 illae,
1972 1340 2053 1370 quas
2071 1332 2162 1361 insti-

483 1384 526 1413 tui
565 1384 790 1421 desectionem,
827 1386 1040 1418 fundamenta
1069 1387 1164 1416 totius
1197 1385 1426 1427 disquisitionis
1453 1384 1726 1425 physiologicae„
1756 1385 1788 1415 in
1811 1384 1945 1425 (ssibus,
1972 1386 2118 1426 quamvis
2142 1397 2159 1416 a

479 1441 584 1471 multis
608 1451 701 1481 saepe
723 1442 814 1470 nimis
835 1443 1009 1482 neglectis,
1034 1443 1203 1482 equidem,
1239 1443 1263 1470 si
1293 1446 1417 1480 tempus
1446 1440 1526 1469 illud
1558 1441 1763 1479 permisisset,
1797 1441 1928 1470 ulterius
1956 1440 2063 1471 adhuc
2088 1452 2161 1481 per-

479 1499 621 1527 rexissem
637 1521 643 1533 ,
671 1497 716 1526 uti
741 1503 771 1527 et
791 1498 917 1532 icones,
944 1498 1117 1537 quominus
1134 1497 1213 1526 illul
1239 1496 1447 1536 perficerem⁷
1472 1505 1522 1525 me
1550 1495 1798 1535 impediverunt.

519 1554 663 1593 Denique
686 1564 753 1584 non
776 1564 856 1594 opus
879 1554 936 1583 erit
961 1562 1138 1582 memorare
1168 1552 1275 1582 omnia
1307 1551 1525 1582 Pneumonica
1554 1561 1618 1581 esse
1647 1551 1910 1592 hermaphrodita
1926 1574 1933 1588 ,
1967 1563 1998 1582 se
2023 1553 2160 1584 invicem

479 1609 728 1645 foecundantia,
754 1610 799 1640 ita
819 1614 851 1639 ut
876 1609 1032 1650 quodque
1056 1609 1259 1640 individuum
1285 1612 1316 1638 et
1347 1608 1524 1638 masculina
1544 1613 1576 1638 et
1599 1607 1734 1640 feminea
1764 1618 1885 1649 organa
1921 1608 2065 1648 perfecte
2087 1620 2159 1640 evo·

479 1668 545 1696 luta
567 1666 750 1706 possideat,
777 1667 799 1697 si
820 1667 901 1698 forte
921 1665 1120 1698 Onchidium
1146 1664 1327 1698 Buchanan
1351 1664 1503 1705 excipias.⁷

525 1779 618 1817 Quod
647 1779 669 1808 si
703 1779 799 1820 igitur
818 1777 970 1819 juvenilis
987 1778 1040 1810 hic
1067 1779 1160 1810 labor
1186 1777 1276 1809 vobis
1312 1778 1379 1810 VV.
1399 1776 1458 1808 CC.
1479 1777 1566 1807 haud
1590 1777 1821 1819 improbandus
1844 1777 1990 1814 videtur,
2015 1777 2160 1817 profecto

484 1835 708 1876 amplissimam
728 1835 991 1867 lucubrationum
1013 1835 1193 1867 mercedem
1213 1835 1290 1866 mihi
1311 1835 1478 1876 contigisse
1503 1833 1702 1864 existimabo.
1748 1834 1803 1864 Sin
1829 1844 1903 1864 vero
1919 1837 2029 1874 optata
2050 1834 2159 1873 palma

485 1893 536 1922 alii
557 1893 685 1922 fortasse
709 1892 855 1928 cesserit,
881 1892 960 1922 illud
985 1897 1090 1922 tamen
1106 1896 1246 1934 superest
1265 1891 1413 1922 solatium
1439 1901 1489 1920 ine
1510 1891 1542 1920 in
1561 1891 1737 1920 istiusmodi
1758 1889 1959 1920 contendisse
1980 1890 2154 1930 palaestra>7

485 1950 590 1987 unde,
616 1950 706 1981 victis
727 1950 823 1980 etiam
839 1971 848 1987 ,
872 1949 959 1979 haud
979 1959 1092 1990 parum
1112 1948 1256 1980 utilitatis
1278 1958 1315 1979 ex
1339 1952 1486 1989 suscepto
1507 1947 1618 1978 labore
1639 1947 1741 1978 redire
1758 1947 1868 1978 soleat.

1281 2134 1337 2189 ἐξ

2028 2369 2163 2402 PARS
