2361 2974
491 190 533 222 26
1041 178 1609 216 M.C.VERLOREN,

497 295 513 312 «
535 289 612 311 avec
638 276 762 308 adresse
782 276 864 307 deux
900 274 1099 313 colimacons
1125 271 1319 313 accouples;
1348 270 1427 301 mais
1452 274 1536 301 cette
1561 268 1731 310 operation
1761 277 1812 298 me
1841 267 1950 309 paroit
1976 268 2048 301 bien
2074 270 2162 301 diffi-

496 351 510 367 «
532 336 613 372 cile,
639 339 670 365 et
686 333 723 376 je
741 343 781 364 ne
803 332 856 362 1ἐὶ
879 329 971 371 point
993 327 1136 360 tentee.’‘

542 392 587 422 De
608 390 751 423 vesiculis
771 385 935 418 multifidis
960 385 1040 417 nihil
1064 383 1200 425 amplius
1221 382 1320 421 dicit,
1344 381 1402 413 nisi
1429 381 1519 422 quod
1548 379 1738 422 perdifficile
1759 380 1797 409 sit
1825 388 1933 410 earum
1953 389 2042 411 usum
2061 384 2161 424 suspi-

498 448 584 484 cari,
609 455 709 487 quum
729 453 801 474 usus
826 443 880 473 ille
902 441 1075 472 Helicz'bus
1101 440 1202 471 solum
1227 439 1374 480 proprius
1395 447 1459 468 esse
1484 436 1601 467 debeat
1626 435 1707 477 (1).

535 504 580 534 De
596 501 705 532 hastae
727 498 904 530 amatoriae
921 498 1089 529 functione
1111 495 1277 537 sequentia
1298 494 1425 536 posuit:
1451 507 1466 526 «
1485 493 1564 523 Mais
1590 502 1629 523 ce
1653 491 1736 522 dard
1750 513 1758 527 ‚
1784 490 1803 521 ὲ.
1829 492 1907 532 quoi
1926 492 2053 523 sert-il?
2097 493 2165 525 Est.

497 574 512 592 α
532 569 569 590 ce
588 567 672 598 pour
694 555 838 587 reveiller
868 564 912 585 un
940 564 1004 594 peu
1035 563 1094 594 par
1115 562 1148 583 sa
1178 550 1295 593 piqure
1325 549 1481 590 l'energie
1505 549 1545 579 de
1581 558 1634 579 ces
1654 547 1803 578 animaux
1830 547 2046 589 apathiques?
2090 550 2166 580 Mais

495 630 509 646 ι(
529 612 691 655 pourquoi
725 609 970 651 manqueroit-il
995 609 1013 639 a
1043 610 1074 639 la
1107 609 1224 639 limace
1259 612 1290 638 et
1314 606 1332 636 ἐι
1354 610 1424 637 tant
1456 605 1597 635 d'autres
1627 604 1821 644 moltusques
1861 604 1917 644 qui
1949 605 2040 635 n’ont
2071 606 2169 647 guen-e

495 671 600 712 «plus
630 669 670 699 de
700 666 891 699 vivacite?'‘
937 665 1106 697 Caeterum
1134 675 1201 695 non
1233 663 1324 695 affert
1358 662 1537 697 rationem,
1574 670 1675 702 quare
1713 664 1841 701 partes,
1875 658 1956 700 q'uas
1989 661 2169 692 testiculum

496 732 593 768 atque
619 724 766 757 ovarium
789 722 936 760 vocavit,
960 722 1015 752 illa
1034 730 1156 762 organa
1180 720 1253 751 sint.

538 782 635 822 Quod
659 782 702 812 ad
735 789 868 811 ovorum
904 777 1209 812 foecundationem,
1242 773 1323 805 haec
1357 773 1389 804 in
1424 773 1639 813 descriptione
1687 771 1849 803 Onchz'dz‘z'
1879 771 1994 803 refert:
2031 787 2044 805 «x
2066 774 2173 814 etqui

496 854 512 872 «
535 837 743 881 (oviductus)
759 858 768 874 ,
792 836 880 866 selon
900 844 953 864 ma
978 833 1102 864 theorie
1117 854 1126 870 ‚
1150 830 1323 861 donneroit
1343 829 1423 860 issue
1455 838 1516 858 aux
1538 827 1627 858 oeul's
1659 837 1721 857 une
1751 828 1810 858 sois
1844 828 2023 869 impregnes
2058 829 2097 859 de
2122 840 2172 860 se-

495 912 510 930 «
529 906 642 929 mence
662 906 721 938 par
743 894 813 925 leur
827 901 962 934 passage
984 900 1024 921 au
1049 895 1167 921 travers
1189 887 1234 917 du
1260 885 1404 917 testicule
1429 883 1507 925 (fig.
1527 883 1581 915 40.
1605 883 1707 925 ο.),”

1286 1000 1316 1040 §.
1362 997 1398 1028 2.

1070 1101 1301 1138 OKENII
1350 1107 1621 1137 SENTENTIA.

547 1222 695 1255 Okenii
714 1221 868 1254 sententia
894 1220 961 1263 (2)
987 1220 1052 1252 sere
1073 1219 1188 1252 eodem
1208 1216 1292 1250 redit
1316 1221 1414 1257 atque
1434 1214 1489 1244 illa
1512 1211 1717 1248 Cuvierii‚
1751 1221 1851 1252 quum
1871 1211 1904 1242 iu
1926 1212 2086 1243 nonnullis
2106 1218 2177 1244 tan·

504 1288 572 1314 tum
595 1279 762 1322 paululum
784 1278 922 1309 differat.

546 1337 593 1369 De
622 1335 783 1369 vesiculae
816 1334 982 1366 functione
1011 1332 1096 1365 enim
1124 1333 1158 1364 in
1191 1329 1407 1371 descriptione
1440 1325 1598 1357 Lz‘macz‘s
1636 1323 1736 1355 dicit:
1784 1323 1860 1355 «Es
1891 1324 1930 1354 ist
1961 1323 2073 1355 mithin
2104 1325 2178 1356 kein

509 1409 525 1426 «
546 1391 696 1427 Zweifel‚
721 1391 797 1421 dasz
821 1391 907 1420 diese
938 1390 1029 1420 Blase
1053 1400 1092 1419 zu
1119 1389 1183 1419 den
1204 1385 1397 1419 weiblichen
1428 1382 1556 1413 Theilen
1580 1378 1712 1421 gebim,
1736 1379 1804 1409 und
1830 1378 1992 1410 vielleicht
2020 1380 2072 1410 die
2105 1381 2178 1410 Gal-

511 1463 527 1481 «
546 1449 605 1478 lert
625 1457 664 1476 zu
689 1445 752 1474 den
775 1444 960 1473 Eierstiiben
994 1444 1073 1471 oder
1102 1444 1229 1480 Kugeln
1260 1440 1403 1478 hergiht,
1430 1437 1602 1466 besonders
1628 1435 1670 1462 da
1699 1433 1767 1463 sich
1803 1434 1888 1463 diese
1922 1434 2011 1464 Blase
2037 1436 2069 1464 in
2092 1437 2177 1466 allen

506 1519 521 1537 «
542 1500 734 1534 Schnecken
753 1497 866 1529 findet.
879 1497 898 1511 ’'

553 1559 591 1589 In
611 1556 739 1587 Helz‘cz‘s
772 1558 878 1584 autem
906 1551 1122 1594 descriptione
1152 1550 1197 1581 ita
1229 1550 1270 1580 de
1303 1548 1394 1579 hasta
1427 1544 1585 1577 amatoria
1615 1543 1779 1584 loquitur:
1823 1558 1839 1577 «
1859 1544 1925 1575 Der
1952 1544 2179 1577 Geschleclits-

511 1630 525 1647 «
546 1611 701 1645 sehlauch
737 1611 916 1651 verliingert
944 1607 1013 1639 sich
1041 1605 1129 1638 noch
1164 1606 1198 1636 in
1229 1606 1322 1636 einen
1354 1603 1487 1634 blinden
1518 1600 1627 1636 Sack,
1662 1600 1695 1630 in
1729 1599 1803 1629 dem
1836 1600 1888 1630 ein
1916 1601 2184 1643 holzenformiges

512 1686 527 1704 (ι
546 1668 694 1702 Κηὸοὶιθὶ
716 1667 811 1708 liegt,
836 1664 1046 1706 Liebespfeil,
1082 1663 1141 1694 der
1165 1662 1265 1693 seiner
1296 1660 1487 1700 Bedeutung
1517 1656 1602 1688 nach
1637 1655 1694 1686 das
1732 1654 1784 1684 fiir
1810 1655 1868 1685 das
1901 1656 2181 1689 Geschlechtsloch

514 1743 530 1761 «
550 1728 607 1765 ist,
630 1735 699 1757 was
720 1724 776 1755 der
795 1722 917 1753 Deckel
939 1721 990 1751 fiir
1012 1720 1063 1750 die
1082 1719 1219 1756 Schale3
1243 1718 1294 1750 bei
1315 1717 1372 1748 der
1388 1716 1571 1756 Begattung
1591 1711 1674 1743 wird
1699 1721 1732 1741 er
1753 1721 1866 1751 wegen
1888 1711 1945 1741 der
1970 1712 2180 1754 Umslfilpung

515 1798 530 1816 «
551 1784 606 1814 des
629 1778 811 1813 Schlauchs
835 1781 1073 1819 ausgestossen,
1108 1776 1170 1808 wie
1195 1776 1252 1806 der
1265 1773 1386 1805 Deckel
1407 1772 1492 1803 heim
1516 1767 1721 1801 Aufwachcn
1745 1777 1800 1796 aus
1818 1767 1890 1797 dem
1910 1767 2182 1800 WVinterschlaf.'’

517 1840 622 1881 Atque
644 1838 742 1880 paulo
769 1835 899 1866 inferius
917 1832 957 1863 de
986 1832 1130 1863 vesiculis
1165 1830 1333 1862 multifidis
1363 1830 1516 1869 loquens,
1541 1825 1670 1866 inquit:
1712 1836 1726 1854 (ε
1746 1822 1896 1853 scheinen
1919 1823 2057 1855 Schleim
2085 1825 2184 1855 abzu-

513 1911 528 1929 «
548 1895 705 1930 sondern.
730 1889 893 1924 viellcicht
916 1900 955 1919 zu
984 1888 1048 1919 den
1073 1887 1211 1919 Eiern.''
1266 1885 1374 1917 Credit
1405 1885 1519 1926 igitur,
1543 1880 1698 1913 vesiculas
1726 1879 1796 1909 illas
1828 1879 1870 1909 ad
1898 1890 2019 1921 organa
2047 1879 2187 1914 feminea,

513 1962 576 1984 esse
600 1948 800 1986 referendas,
827 1952 925 1988 atque
943 1944 1094 1987 quidem,
1117 1948 1152 1975 ut
1172 1943 1297 1974 illarum
1318 1952 1380 1984 ope
1399 1951 1459 1973 ova
1481 1940 1702 1970 formarentur.

556 2009 594 2040 In
629 2005 793 2038 Onchz'dz’o
829 2002 931 2035 credit
957 2000 1094 2032 eandem
1125 2004 1336 2037 structuram,
1372 1996 1483 2040 quoad
1516 1995 1649 2026 ductum
1677 1989 1885 2027 seminalem,
1917 1991 2026 2022 locum
2054 1991 2184 2023 habitu—

513 2075 582 2094 rum
605 2074 689 2099 esse,
715 2066 813 2103 atque
834 2060 866 2090 in
887 2059 1061 2100 Lymnaea
1081 2056 1256 2098 stagnali,
1280 2056 1357 2087 dum
1390 2055 1524 2085 alterum
1560 2050 1713 2084 ductum,
1738 2057 1835 2088 quem
1865 2046 2093 2078 Cuvierius
2127 2059 2183 2089 pe-

512 2130 585 2152 nem
608 2119 740 2156 habuit.
765 2127 840 2149 cum
862 2115 992 2147 sacculo
1012 2113 1123 2144 hastae
1139 2113 1314 2145 amatoriae
1339 2110 1466 2144 Helz'cz's
1486 2110 1654 2149 comparat
1681 2103 1763 2146 (3).

2095 2161 2126 2201 §.
2150 2161 2181 2191 3.

546 2243 604 2278 (ι)
625 2239 823 2269 Cuvierius
840 2239 895 2266 hoc
917 2237 978 2265 loco
999 2236 1175 2264 solummodo
1201 2237 1237 2264 de
1257 2233 1452 2264 Pneumonicis
1469 2230 1606 2268 indigenis
1628 2229 1704 2266 loqui
1724 2227 1840 2257 videtur.

546 2292 601 2326 (a)
619 2289 737 2321 Oken,
756 2288 900 2315 Lehrbuch
919 2287 970 2314 der
987 2287 1235 2322 Naturgesclaichee
1247 2304 1256 2319 ,
1285 2284 1354 2312 Jena
1375 2284 1450 2312 18¹5.
1475 2280 1531 2309 Th.
1548 2280 1596 2307 111.
1631 2278 1779 2314 zoologie,
1798 2274 1884 2303 Abtli.
1900 2282 1921 2303 ι.
1946 2274 1972 2303 S.
1986 2276 2032 2303 302
2053 2283 2128 2310 seqq.

546 2340 597 2375 (3)
615 2337 681 2368 vid.
707 2336 790 2364 etiam
815 2344 875 2373 pag.
902 2345 944 2371 ¹9·
964 2333 1049 2370 hujus
1069 2333 1317 2361 commentationis.
