2361 2974
476 202 517 232 iffi
1040 200 1080 230 M
1127 196 1604 234 QVERLOREN,

523 294 628 332 Quum
661 297 790 329 tamen,
825 292 869 322 uti
903 291 998 322 etiam
1034 289 1267 320 Prevostius
1299 286 1550 323 animadvertit,
1583 287 1742 329 liquorem
1779 298 1944 321 mucosum
1965 290 2149 323 inductum

477 352 661 381 seminalem
691 348 865 384 effundat,
897 358 970 379 cum
1010 345 1164 389 glandula
1194 345 1369 387 prestation
1400 344 1598 385 superiorum
1630 344 1814 376 animalium
1848 348 2030 388 comparari
2062 358 2152 389 posse

473 408 609 438 videtur.

1264 482 1294 521 g.
1341 480 1373 512 6.

885 606 954 640 DE
996 604 1340 641 GLANDULIS
1382 605 1734 642 OVIDUCTUS.

515 736 564 766 De
589 732 840 766 Glandularum
860 732 1039 762 ovicluclus
1059 730 1224 762 functione
1241 753 1250 768 ,
1282 740 1363 771 quas
1393 731 1426 761 in
1462 730 1636 762 Planorbe
1670 736 1700 762 et
1724 732 1896 773 Lymnaea
1917 732 2152 764 observavimus

472 799 567 823 nemo
587 790 782 821 mentionem
806 789 903 826 fecit3
926 789 951 819 si
975 787 1110 818 forsitan
1135 787 1386 818 Stiebelium
1405 787 1546 828 excipias
1564 809 1573 822 ‚
1608 788 1666 828 qui
1688 788 1790 818 credit
1810 798 1920 819 earum
1943 788 2144 820 functionem

481 859 565 885 esse,
603 851 637 877 ut
666 845 831 876 materiem
869 844 1061 886 glutinosam
1089 847 1279 879 secernant,
1313 853 1379 884 qua
1416 853 1477 874 ova
1511 841 1729 885 ohtegantur3
1764 854 1850 884 quae
1889 844 2045 875 sententia
2076 844 2154 874 mihi

473 906 571 936 etiam
594 903 687 935 valde
711 902 846 937 arridet,
872 911 972 941 quum
994 901 1055 930 illis
1076 900 1179 930 solum
1200 910 1306 940 neque
1328 900 1462 930 caeteris
1487 899 1711 931 Pneumonicis
1731 900 1895 941 proprium
1917 901 1980 938 sit,
2005 905 2038 930 ut
2066 910 2146 935 ova,

468 972 553 1003 quae
583 961 769 1000 deponunt,
805 957 911 988 omnia
943 957 1076 986 materie
1107 957 1268 998 glutinosa
1294 955 1385 986 simul
1418 956 1641 992 circumdent.
1667 966 1767 997 quam
1797 956 1961 987 materiem
1990 957 2073 987 soliis
2100 958 2148 987 vel

471 1019 540 1048 aliis
569 1016 686 1052 rebus,
719 1024 804 1056 quae
834 1014 866 1043 in
901 1022 988 1053 aqua
1020 1012 1156 1049 adsunt,
1192 1012 1349 1053 affigunt,
1388 1015 1418 1042 et
1448 1012 1557 1043 similis
1592 1013 1740 1043 materies
1773 1022 1791 1042 a
1813 1012 1976 1053 glandulis
2005 1014 2065 1043 illis
2099 1023 2148 1043 se-

467 1078 628 1106 cernatur.

511 1128 664 1160 Dilatatio
698 1127 866 1160 oviductus
897 1125 979 1167 (fig.
1002 1124 1054 1156 45.
1075 1124 1135 1165 n.)
1168 1124 1210 1155 ad
1243 1126 1528 1166 congregationem
1552 1125 1640 1156 illam
1663 1133 1796 1156 ovorum
1823 1123 2024 1156 formandam
2048 1125 2147 1155 inser-

469 1187 531 1219 vire
554 1185 689 1218 videtur.

1257 1262 1286 1302 g.
1334 1259 1368 1291 7.

742 1381 810 1415 DE
847 1378 1104 1414 SACCULO
1143 1377 1404 1413 connum
1440 1377 1884 1412 GENERATIONIS.

514 1515 552 1545 In
576 1508 711 1543 sacculo
735 1508 905 1539 communi
916 1506 1153 1546 generationis
1188 1505 1362 1546 praecipue
1382 1515 1463 1545 ruga
1493 1504 1703 1546 linguil'ormis
1734 1504 1935 1535 observanda
1957 1509 2022 1541 est,
2048 1515 2146 1546 quam

472 1576 564 1602 antea
587 1570 620 1599 in
641 1566 774 1597 Lz'mace
799 1562 878 1605 ruso
903 1562 1105 1597 notavimus.
1129 1561 1170 1591 de
1193 1561 1286 1602 cujus
1315 1561 1454 1592 utilitate
1475 1571 1571 1592 nemo
1593 1561 1788 1591 mentionem
1809 1560 1896 1592 fecit.

514 1626 588 1657 Mihi
619 1623 766 1654 inservire
795 1620 921 1651 videtur
949 1618 991 1648 ad
1022 1622 1131 1659 partes
1165 1618 1400 1658 generationis,
1434 1618 1571 1647 durante
1605 1617 1833 1658 copulatione,
1866 1621 1978 1648 contra
2013 1616 2147 1659 injurias

469 1688 614 1714 externas
637 1677 808 1720 tegendas3
840 1675 941 1716 quia,
975 1674 1000 1704 si
1021 1674 1169 1705 sacculus
1201 1678 1246 1704 est
1266 1674 1426 1708 evolutus,
1462 1684 1540 1714 ruga
1572 1673 1626 1703 illa
1659 1673 1752 1703 valde
1787 1673 1909 1703 tumida
1937 1683 2011 1703 cum
2048 1673 2145 1703 latere

468 1749 525 1769 suo
546 1745 712 1771 concavo,
737 1732 792 1763 uhi
814 1730 940 1762 orificia
962 1731 1117 1772 vaginae,
1142 1730 1232 1771 penis
1257 1734 1288 1760 et
1307 1730 1464 1762 vesiculae
1487 1729 1709 1766 inveniuntur,
1742 1740 1774 1759 se
1800 1729 1904 1759 eidem
1935 1728 2026 1758 lateri
2048 1738 2146 1769 rugae

470 1794 598 1826 alterius
619 1789 776 1822 individui
803 1788 926 1829 affigitg
953 1792 1052 1828 atque
1083 1796 1181 1828 rugae
1210 1786 1304 1822 illae,
1339 1786 1384 1816 sic
1418 1786 1613 1826 dispositae,
1647 1786 1818 1816 cavitatem
1852 1785 1989 1815 formant
2018 1785 2050 1815 in
2079 1794 2143 1825 qua

469 1850 634 1892 copulatio
655 1845 848 1884 instituitur,
871 1844 917 1875 ita
942 1849 976 1875 ut
993 1844 1131 1875 durante
1160 1842 1367 1885 copulatione
1396 1841 1475 1873 nihil
1494 1841 1627 1882 amplius
1657 1842 1876 1876 observemus,
1908 1851 2007 1882 quarn
2034 1839 2145 1871 ambas

469 1908 538 1938 illas
556 1914 662 1946 rugas.

512 1962 680 1993 Praeterea
705 1959 801 1991 etiam
830 1954 1086 1992 observavimus,
1123 1955 1286 1986 sacculum
1316 1953 1406 1983 illum
1436 1951 1610 1994 glandula
1642 1952 1858 1989 circumdari,
1891 1951 1983 1992 cujus
2020 1951 2143 1981 functio

474 2029 537 2051 esse
570 2016 714 2052 videtur,
750 2019 785 2044 ut
817 2011 983 2042 materiem
1012 2022 1176 2043 mucosam
1206 2014 1371 2045 secernat,
1406 2019 1470 2049 qua
1503 2018 1579 2049 ruga
1611 2008 1821 2049 linguisormis
1852 2012 1950 2047 atque
1976 2006 2144 2041 sacculus,

469 2077 605 2106 durante
631 2070 862 2115 copulatione,
888 2068 1101 2108 obteguntur,
1126 2071 1161 2096 ut
1181 2067 1224 2096 ita
1251 2070 1364 2096 contra
1389 2065 1468 2095 aeris
1491 2062 1718 2094 efficacitatem
1741 2062 1967 2093 defendantur.

1251 2166 1357 2173 ..—

510 2241 670 2274 Nonnulla
690 2239 786 2270 etiarn
807 2241 906 2268 essent
929 2236 1069 2268 dicenda
1089 2235 1131 2267 de
1155 2234 1363 2276 copulatione
1385 2233 1417 2263 in
1441 2231 1571 2263 diversis
1591 2231 1778 2274 generibus,
1803 2236 1834 2261 et
1855 2230 1955 2261 multa
1975 2233 2140 2271 praeterea

468 2301 563 2331 etiarn
598 2297 675 2328 addi
703 2298 849 2336 possent;
880 2293 935 2324 sed
967 2292 1102 2334 impedit
1127 2297 1252 2332 tempus
1285 2300 1324 2321 ne
1361 2289 1497 2331 amplius
1528 2288 1575 2318 his
1604 2288 1645 2319 de
1675 2289 1767 2319 rebus
1795 2298 1944 2329 agamus;
1964 2286 2036 2327 jam
2057 2284 2142 2315 enim

469 2354 628 2397 responsio
653 2357 698 2384 est
717 2349 885 2382 mittenda.

2055 2383 2143 2413 naec
