2361 2974
469 234 765 269 RESPONsto
797 244 844 267 in
878 234 1244 276 QUAEsrloNEn
1276 226 1618 272 ΖοὸιοοῐοΑΜ.
1830 241 1870 273 17

194 327 285 370 quod
307 334 373 358 non
399 334 566 369 nunquam
591 327 740 359 accidere
760 331 883 368 potest,
909 327 941 358 in
966 329 1087 371 papilla
1109 339 1192 360 nova
1214 329 1383 367 increscit3
1408 338 1472 360 nnn
1501 334 1630 368 tamen,
1650 328 1695 360 uti
1725 332 1873 363 nonnulli

192 385 328 421 dicunt,
352 391 475 424 semper
504 388 575 425 post
596 383 835 424 copulationem
858 383 937 414 illud
961 385 1069 415 locum
1100 384 1207 416 habet.
1255 385 1427 426 Nunquam
1458 386 1590 426 quidem
1623 384 1700 416 mihi
1734 389 1869 428 contigit

192 438 334 470 Helices
355 439 597 481 copulationem
617 439 806 476 observare,
831 439 887 470 sed
907 440 939 470 in
957 441 1063 470 multis
1084 440 1333 482 speciminibus,
1357 451 1443 482 quae
1465 441 1600 472 dissecui
1613 464 1621 479 ‚
1646 451 1784 482 quorum
1797 444 1871 484 plu-

192 495 272 525 rima
294 495 404 536 aperui
426 499 497 536 post
520 495 735 537 copulationis
757 499 880 536 tempus
894 518 902 532 ,
925 497 1079 527 nonnulla
1105 497 1200 527 etiam
1218 501 1392 538 postquam
1413 507 1472 528 ova
1490 496 1562 538 jam
1580 496 1816 539 deposuerant,
1838 505 1872 530 et

189 561 328 591 quorum
346 550 513 582 oviductus
535 560 600 582 non
621 561 790 592 nunquam
809 552 907 582 etiam
926 562 987 582 ova
1007 552 1232 590 continebant,
1257 558 1392 594 peracta
1418 554 1516 595 igitur
1536 554 1760 595 copulatione,
1786 556 1869 587 inter

187 608 242 637 illa
269 612 395 637 tantum
417 617 516 638 unum
548 606 673 643 inveni,
697 606 790 648 cujus
823 607 912 638 hasta
941 608 1031 648 lapsa
1065 608 1179 639 fuerat.

233 662 402 694 Sao-culus
425 665 611 693 communis
627 665 865 704 generationis
891 662 966 703 (fig.
986 664 1038 695 27.
1053 674 1086 694 n.
1110 663 1165 705 fig.
1192 663 1245 696 20.
1266 665 1323 706 α.)
1346 665 1444 698 habet
1471 665 1607 696 formam
1630 666 1864 707 cylindricam‚

186 719 220 750 in
248 719 340 760 cujus
363 723 454 760 parte
479 718 640 759 superiore
660 718 773 759 vagina
798 717 877 759 (fig.
895 718 948 749 20.
976 718 1034 761 Ιι.)
1058 720 1217 751 vesiculae
1249 721 1430 752 multifidae
1454 726 1552 763 atque
1583 723 1729 753 sacculus
1752 723 1862 755 hastae

185 776 361 806 amatoriae
394 774 472 816 (fig.
499 774 553 805 20.
577 773 639 814 f.)
673 774 878 815 aperiuntur3
915 785 1016 817 prope
1048 775 1116 817 ejus
1149 781 1332 818 aperturam
1372 783 1535 809 externam
1568 777 1644 820 (fig.
1667 778 1719 811 27.
1735 791 1773 820 p.
1803 780 1861 821 fig.

183 830 238 863 20.
266 832 316 872 b.)
342 841 417 862 vero
434 830 528 872 juxta
557 830 756 860 tentaculum
777 830 881 872 majus
904 831 1050 862 dextrum
1072 831 1232 863 orificium
1252 833 1341 875 penis
1365 833 1442 875 (fig.
1462 833 1516 865 20.
1538 833 1587 873 ι’.)
1614 834 1646 865 in
1674 845 1713 866 eo
1738 836 1862 867 inveni·

185 891 249 918 tur.
294 887 502 925 Membrana,
532 897 597 927 qua
619 886 765 917 sacculus
788 886 963 924 formatur,
988 892 1034 918 est
1058 888 1238 919 musculosa
1255 912 1263 925 ‚
1294 890 1412 920 coloris
1432 890 1698 931 violaceo-nigri,
1724 892 1782 932 qui
1805 902 1862 923 co-

185 942 235 972 lor
255 943 351 974 etiam
373 944 563 985 plerumque
581 943 655 984 peni
676 942 825 983 proprius
842 947 905 980 est,
929 944 954 974 si
976 942 1124 976 Helicem
1137 946 1327 986 pomatium
1347 946 1485 988 excipias
1498 968 1506 982 ,
1532 947 1564 977 in
1581 946 1698 987 quibus
1715 948 1861 979 sacculus

186 1003 216 1028 et
233 999 322 1039 penis
343 1009 468 1041 semper
488 999 551 1030 albi
570 1004 641 1030 sunt
660 998 787 1030 coloris.

976 1091 1006 1132 §-
1054 1091 1087 1123 6.

764 1183 1075 1218 succiNEA.
1118 1184 1284 1231 (Drap.)

779 1262 869 1303 (rig.
894 1262 956 1298 34,
981 1263 1044 1299 35,
1071 1263 1115 1294 38
1136 1269 1167 1295 ei
1189 1263 1268 1304 39.)

220 1352 258 1383 in
273 1352 440 1382 Suc-cinea
467 1350 639 1392 amphibia
664 1350 732 1390 (1)
765 1351 946 1382 testiculus
976 1352 1051 1393 (fig.
1075 1352 1127 1384 34.
1143 1353 1198 1393 a.)
1224 1358 1270 1384 est
1297 1354 1391 1385 valde
1422 1365 1575 1398 magnus,
1604 1362 1639 1388 ut
1672 1357 1737 1390 fere
1768 1369 1862 1390 omne

177 1409 337 1448 spatium,
366 1406 489 1448 (parva
513 1407 598 1437 enim
618 1405 743 1446 hepatis
762 1410 853 1446 parte
875 1410 999 1437 tantum
1023 1408 1222 1448 obducitur)
1258 1410 1389 1439 ultimae
1415 1413 1651 1443 convolutionis
1680 1414 1833 1445 cochleae
1851 1438 1859 1449 ,

180 1464 273 1503 cujus
294 1464 391 1493 etiarn
410 1461 538 1491 exhibet
561 1461 718 1495 formam.
747 1466 907 1500 occupet;
931 1464 1066 1493 caeteris
1086 1473 1162 1494 vero
1186 1474 1260 1494 cum
1281 1464 1409 1495 Helz‘cz‘s
1433 1470 1594 1497 structura
1617 1469 1776 1499 convenit.

229 1519 291 1549 Vas
315 1516 475 1557 deferens
498 1515 577 1557 (fig.
600 1515 652 1546 34.
672 1516 726 1555 ο.)
750 1520 795 1545 est
828 1515 942 1551 breve,
977 1517 1118 1557 amplum
1142 1522 1240 1558 atque
1272 1517 1353 1548 susci
1380 1519 1517 1557 coloris,
1543 1523 1653 1553 ovatio
1683 1523 1861 1555 adhaerens

178 1575 224 1605 ibi
245 1574 465 1604 dilatationem
486 1582 618 1613 parvam
635 1570 836 1612 sphaericam
861 1571 937 1613 (fig.
960 1571 1013 1603 34.
1035 1572 1096 1614 d.)
1132 1573 1224 1606 offert
1253 1578 1431 1615 antequam
1456 1576 1490 1608 in
1508 1576 1643 1609 ductum
1671 1579 1857 1611 seminalem

180 1631 302 1662 transit.

220 1687 357 1717 Ductus
376 1686 429 1716 ille
448 1684 527 1726 (fig.
548 1684 601 1716 34.
616 1683 748 1725 f.f.f.
763 1684 775 1726 )
790 1708 798 1722 ‚
831 1685 875 1717 ad
903 1685 1005 1717 basim
1031 1685 1130 1717 ovar-ii
1162 1685 1343 1728 incipiens,
1367 1699 1424 1730 per
1449 1689 1619 1722 oviductus
1642 1692 1861 1722 contorsiones

180 1746 211 1772 et
231 1741 349 1772 deinde
369 1741 463 1782 juxta
485 1741 637 1781 vaginam
669 1751 770 1782 usque
791 1742 834 1772 ad
861 1741 930 1783 ejus
952 1747 1117 1774 externum
1148 1741 1310 1775 orificium
1338 1744 1503 1783 decurrit,
1539 1746 1594 1777 ubi
1635 1757 1739 1778 rursus
1774 1758 1858 1789 pone

180 1807 295 1838 penem
309 1820 316 1832 ,
342 1797 375 1828 in
401 1797 493 1839 cujus
515 1797 641 1838 apicem
662 1802 828 1838 penetrat,
852 1799 1032 1829 adscendit.
1522 1802 1525 1803 ’

220 1853 312 1884 Haud
336 1854 449 1894 procul
474 1852 516 1884 ab
540 1853 668 1890 ovario,
692 1853 866 1895 glandula
883 1856 1079 1896 prostalz'ca
1104 1854 1184 1897 (fig.
1206 1856 1259 1887 34.
1280 1856 1331 1898 e.)
1357 1857 1469 1889 ductui
1499 1858 1665 1898 seminali,
1690 1859 1753 1890 hoc
1780 1860 1854 1890 loco

182 1909 405 1950 amplificato,
430 1909 524 1940 affixa
543 1914 608 1946 est,
635 1911 691 1950 qui
714 1910 758 1940 ibi
784 1921 865 1947 non,
893 1911 939 1941 uti
958 1911 1065 1942 adhuc
1085 1910 1157 1952 jam
1177 1912 1333 1950 vidimus,
1357 1913 1493 1945 formam
1513 1915 1698 1956 elongatam
1713 1936 1721 1951 ‚
1746 1925 1855 1946 verum

176 1966 394 2006 ‘constipatam
408 1987 417 2005 ‚
441 1966 755 2007 quadrangularem,
782 1966 898 1997 coloris
920 1967 1019 1998 albidi
1038 1967 1238 1999 flavescentis
1261 1968 1401 2001 exhibet.

219 2021 328 2052 Pem's
354 2022 435 2066 (fig.
460 2022 512 2054 34.
537 2022 594 2063 Ιι.)
620 2033 694 2054 cum
723 2023 777 2053 illa
796 2023 945 2053 Lz'macz's
966 2022 1034 2063 rufi
1057 2025 1224 2061 convenit,
1250 2029 1348 2067 atque
1367 2025 1464 2057 etiam
1488 2025 1624 2058 durante
1646 2027 1852 2068 copulatione

179 2079 345 2118 evolvitur.
396 2078 557 2110 Ovarz‘um
583 2078 660 2120 (fig.
680 2079 733 2110 34.
756 2078 807 2120 τ’.)
834 2083 948 2110 contra
972 2090 1047 2110 cum
1068 2080 1124 2111 illo
1152 2080 1278 2112 Helz'cz‘s
1301 2082 1478 2112 admodom
1501 2083 1661 2115 convenit.

223 2133 406 2167 oviductus
428 2135 505 2177 (fig.
529 2135 581 2167 34.
596 2135 630 2176 j.
645 2136 707 2176 j.)
730 2145 796 2168 non
823 2137 982 2177 plicatuS,
1006 2147 1115 2168 verum
1140 2138 1321 2179 saepissime
1352 2142 1539 2178 contortus,
1576 2140 1719 2175 sulcum,
1755 2149 1852 2180 quem

1821 2206 1853 2226 in

211 2280 266 2312 (ι)
292 2279 380 2306 Lam·
405 2279 487 2309 Tom.
506 2281 554 2308 VI.
583 2280 614 2307 P.
635 2291 658 2308 2.
686 2291 748 2317 pag.
771 2282 827 2310 135.
873 2282 962 2309 Helix
986 2284 1099 2316 putris,
1126 2283 1230 2313 Linn.
1260 2287 1334 2320 Syst.
1352 2283 1420 2311 Nat.
1447 2292 1510 2319 pag.
1532 2285 1605 2317 1259.
1654 2284 1850 2318 Coclzlohydra

172 2329 280 2361 putris,
310 2327 461 2357 FeruSS.
491 2330 565 2358 Tabl.
592 2332 664 2365 Syst.
684 2331 717 2357 de
736 2331 764 2356 la
776 2330 896 2366 sumille¹
914 2331 961 2358 des
986 2333 1151 2366 Limaqons,
1182 2341 1209 2368 p.
1230 2334 1270 2360 30.
1303 2331 1342 2360 Pl.
1359 2342 1382 2361 2.
1414 2330 1460 2367 fig.
1475 2335 1570 2365 ιιι-ιο
1589 2337 1617 2358 at
1641 2334 1682 2359 13.
1712 2331 1750 2357 Μ.
1769 2341 1793 2356 ιι
1817 2334 1849 2358 Α.

178 2371 228 2408 fig.
249 2383 260 2405 7
272 2387 308 2396 —
322 2383 357 2400 io.

1139 2427 1161 2459 C
