2361 2974
499 153 519 181 s
1058 142 1626 183 inova-azoara,

503 243 554 273 dic
583 240 636 271 140
662 243 716 270 aut
742 235 819 275 150,
844 237 1011 278 (tempore
1035 245 1101 276 quo
1120 244 1181 265 ova
1199 232 1458 275 deponuntur,)
1493 235 1589 267 vitelli
1622 236 1654 266 in
1680 235 1868 268 oviductum
1889 247 1956 270 sese
1988 242 2178 281 conferant,

507 299 562 329 ubi
591 295 752 327 albumine
796 299 894 335 atque
930 296 1007 323 testa
1044 290 1301 322 circumdantur.
1356 289 1493 321 Externa
1531 292 1631 322 ovarii
1665 291 1767 324 forma
1797 298 1842 325 est
1875 296 2182 337 cylindrico-ovata‚

507 356 638 386 Constat
665 363 682 383 e
714 351 829 382 lohulis
864 350 1006 380 diversae
1047 346 1298 388 magnitudinis,
1332 346 1366 377 in
1396 347 1515 387 quibus
1541 348 1639 378 vitelli
1675 355 1892 381 secernuntur.
1952 352 2066 383 Lobuli
2091 356 2136 386 illi
2164 367 2182 387 Β

504 411 691 441 membrana
712 407 798 438 tenui
816 407 1012 440 formantur,
1039 408 1136 445 atque
1166 403 1200 434 in
1234 402 1320 433 tubis
1352 402 1503 434 brevibus
1534 404 1738 444 aperiuntur,
1773 406 1828 446 qui
1853 407 1921 437 tubi
1944 418 1961 438 e
1981 418 2056 439 vase
2078 408 2181 450 longi.

505 466 640 498 tudinali
656 488 663 500 ‚
688 465 720 494 in
739 462 838 493 ovarii
860 460 966 491 media
989 464 1081 501 parte
1102 460 1181 495 sito,
1204 459 1237 489 in
1260 459 1430 490 oviductus
1452 460 1543 490 initio
1561 460 1656 502 juxta
1679 462 1803 492 sulcum
1821 468 1953 504 aperto,
1978 464 2133 496 oriuntur.

551 524 601 556 Ad
621 521 711 552 basin
730 518 831 549 ovarii
849 517 963 558 incipit
989 517 1167 547 ovz'ductecs
1191 515 1270 556 (fig.
1295 516 1324 546 l.
1341 515 1478 557 J’.J'.J.)
1497 539 1506 554 ‚
1541 518 1597 558 qui
1622 522 1710 548 arcte
1740 529 1813 548 cum
1835 519 1890 550 illo
1913 520 2107 561 conjunctus
2125 526 2182 554 est.

506 584 573 614 Una
614 587 687 609 cum
719 585 820 616 pene,
854 573 993 604 vesicula
1035 577 1134 613 atque
1173 572 1319 610 sacculo,
1348 574 1511 604 communi
1545 574 1758 615 generationis
1803 576 1998 607 anteriorem
2038 578 2182 619 corporis

506 643 648 681 partem,
681 631 738 662 sub
775 631 946 661 cavitatem
980 629 1236 671 respiratoriam‚
1269 634 1424 669 occupat.
1469 630 1522 660 Est
1549 630 1667 661 ductus
1698 630 1772 660 satis
1795 632 1940 672 amplus,
1967 633 2072 663 multis
2093 634 2183 674 plicis

505 696 697 729 instructus,
733 688 855 718 circum
888 686 1075 728 glandularn
1109 684 1319 726 prostaticam
1349 691 1537 723 contortus,
1570 691 1669 727 atque
1698 688 1838 718 naturali
1868 689 2027 729 positione
2052 689 2083 719 in
2113 700 2185 720 cor-

503 762 582 795 pore
608 746 815 786 constipatus.
863 743 1045 774 Membrana
1069 741 1168 771 densa
1194 741 1397 781 aliquantum
1421 742 1655 784 mucilaginosa
1682 743 1859 782 formatur,
1883 755 1989 785 quae,
2017 755 2074 786 per
2097 757 2181 787 pau-

501 819 556 840 cas
576 807 671 836 horas
692 804 724 832 in
744 811 829 841 aqua
848 800 973 841 posita,
997 797 1092 829 valde
1118 798 1310 829 intumescit.
1356 798 1393 828 In
1415 798 1548 830 limace
1583 800 1715 830 cinereo
1743 809 1912 841 nunquam
1931 806 2098 843 tantopere
2119 803 2180 844 pli-

500 869 590 895 catus
612 861 798 892 observatur
819 856 897 898 (fig.
921 856 970 887 lo.
986 867 1026 886 m.
1051 854 1107 895 fig.
1127 854 1157 886 7.
1174 853 1323 895 j.J'.'.JJ’.
1338 854 1364 894 ).

542 917 667 951 Transit
698 913 868 945 Oviductus
898 913 931 944 in
955 912 1118 952 vaginam
1144 909 1220 951 (fig.
1248 910 1260 940 1
1290 915 1320 941 et
1344 912 1374 943 7.
1391 910 1445 952 k.)
1461 934 1470 947 ‚
1505 921 1522 941 a
1555 922 1620 952 qua
1639 917 1799 944 structura
1830 923 1886 944 sua
1906 914 2029 955 plicata
2051 914 2174 952 differt;

499 977 614 1009 iulioe
637 972 754 1007 etiarn,
780 969 870 1010 quod
899 969 1034 1010 vaginae
1069 967 1256 997 membrana
1289 968 1390 1009 magis
1418 969 1620 1006 musculosa,
1645 969 1748 1000 minus
1780 980 1854 1000 vero
1884 970 1982 1001 densa
2012 975 2068 1001 est.
2114 971 2176 1003 Illa

498 1032 615 1074 vagina
648 1028 745 1059 etiam
777 1036 843 1057 non
869 1030 934 1055 tam
962 1024 1068 1065 ampla
1093 1028 1157 1059 est,
1193 1032 1291 1063 quam
1324 1023 1512 1062 oviductus;
1548 1024 1678 1055 dilatari
1709 1029 1817 1055 tamen
1845 1028 1970 1065 pot-est,
1996 1035 2096 1066 quum
2116 1036 2177 1058 ova

496 1099 552 1131 per
574 1096 644 1117 eam
664 1083 836 1113 ducuntur.
883 1081 922 1111 Ut
942 1081 995 1111 illa
1019 1092 1077 1113 ova
1098 1081 1222 1112 facilius
1245 1079 1345 1110 emitti
1366 1078 1506 1119 possint,
1537 1080 1660 1110 interne
1696 1079 1882 1110 membrana
1909 1089 2041 1110 mucosa
2073 1080 2177 1113 obsita

497 1148 553 1173 ost.
585 1141 734 1170 Penetrat
754 1138 787 1168 in
799 1138 932 1168 Lz'mace
953 1137 1033 1178 rufo
1057 1138 1090 1168 in
1113 1137 1308 1178 superiorem
1322 1134 1443 1166 sacculi
1465 1135 1644 1165 communis
1664 1135 1877 1176 generationis
1895 1140 2018 1176 partem
2033 1158 2040 1172 ,
2065 1147 2178 1179 rugam

492 1196 728 1238 linguisormem
754 1193 933 1234 percurrit,
959 1197 1057 1234 atque
1082 1203 1156 1223 curn
1180 1192 1269 1221 sulco
1292 1189 1369 1230 (fig.
1394 1190 1425 1218 5,
1447 1189 1500 1229 r.)
1524 1191 1557 1221 in
1577 1190 1644 1232 ejus
1667 1195 1758 1232 parte
1778 1190 1927 1221 interiore
1950 1191 2102 1231 aperitur.

534 1255 621 1284 lntcr
641 1250 774 1292 vaginae
799 1253 896 1288 atque
919 1249 1008 1289 penis
1028 1248 1234 1279 insertionem
1256 1246 1289 1275 in
1319 1245 1450 1274 sacculo
1484 1246 1650 1275 communi
1684 1246 1897 1287 generationis
1930 1247 2027 1277 etiam
2054 1247 2177 1277 ductas

494 1307 703 1340 excretorias
731 1302 902 1334 vesiculae
939 1302 1017 1343 (fig.
1045 1303 1057 1333 l
1082 1308 1112 1333 ct
1132 1303 1162 1335 7.
1184 1299 1250 1340 m.)
1288 1299 1440 1340 aperitur.
1487 1299 1591 1329 Habet
1609 1301 1663 1330 illa
1694 1301 1848 1330 vesicula
1874 1300 1953 1339 (fig.
1977 1301 2006 1329 1.
2031 1300 2076 1339 l.)
2110 1301 2178 1330 sor-

494 1375 580 1396 mam
611 1360 813 1403 sphaericam
844 1358 987 1388 diversae
1018 1356 1271 1399 magnitudinis,
1304 1365 1389 1394 quae
1417 1354 1633 1394 copulationis
1672 1360 1815 1396 tempore
1850 1364 2007 1384 summum
2038 1357 2180 1396 acquirit

493 1422 743 1453 incrementum;
768 1413 885 1444 deinde
912 1423 986 1442 vcro
1010 1423 1084 1442 cum
1106 1412 1238 1442 caeteris
1257 1411 1401 1450 organis,
1428 1411 1625 1450 generationi
1647 1411 1781 1446 dicatis,
1807 1411 1984 1447 decrescit,
2010 1416 2045 1441 ut
2065 1417 2177 1453 postea

494 1486 600 1509 rursus
622 1475 800 1505 increscere
830 1468 940 1510 possit.
985 1467 1169 1498 Membrana
1201 1466 1383 1496 tenuissima
1418 1465 1593 1501 formatur,
1628 1476 1713 1507 quae
1742 1466 1909 1496 innumera
1937 1466 2067 1497 vascula
2102 1477 2177 1499 san-

494 1533 616 1574 guifera
640 1541 659 1560 a
676 1538 766 1560 ramo
783 1525 918 1556 arteriae
936 1523 1105 1564 hepaticae
1129 1522 1265 1563 accipit,
1297 1521 1352 1562 qui
1370 1531 1476 1551 ramus
1501 1520 1578 1562 (fig.
1601 1523 1631 1553 7.
1653 1521 1705 1562 r.)
1730 1522 1869 1563 primum
1898 1522 2068 1553 oviductus
2098 1534 2176 1555 con.

493 1589 671 1621 volutiones
690 1583 870 1626 percurrit,
897 1581 991 1621 eique
1021 1580 1068 1609 uti
1101 1584 1131 1609 et
1162 1577 1337 1619 glandulae
1370 1578 1565 1618 prostaticae
1595 1577 1734 1608 ramulos
1765 1577 1834 1610 dat.
1878 1577 1998 1608 Ductus
2030 1585 2179 1616 excretos

493 1647 556 1677 rius
585 1643 686 1676 brevis
716 1645 812 1682 atque
839 1642 1018 1669 structurae
1047 1635 1148 1675 magis
1172 1633 1371 1664 musculosae
1404 1638 1461 1664 est.
1507 1633 1659 1664 Continet
1692 1633 1831 1665 vesicula
1850 1632 1986 1664 fluidum
2006 1634 2173 1675 albidum,

494 1712 635 1739 russum,
660 1707 851 1741 granomm,
878 1693 964 1734 quod
987 1691 1202 1731 microscopio
1232 1690 1330 1721 visum
1359 1690 1493 1730 granula
1537 1689 1680 1721 diversae
1721 1689 1951 1730 magnitudinis
1987 1695 2018 1721 et
2050 1691 2173 1724 formae

494 1759 639 1801 praebet.
684 1755 730 1785 In
759 1754 891 1784 Lz'mace
926 1751 1059 1780 cinereo
1089 1748 1227 1781 vesicula
1259 1752 1305 1779 est
1332 1745 1424 1779 valde
1455 1745 1568 1788 exigua
1597 1751 1696 1788 atque
1727 1745 1829 1787 magis
1859 1745 1980 1777 formae
2012 1746 2174 1790 oblongae

495 1815 573 1857 (fig.
594 1813 634 1845 10
656 1816 687 1843 et
711 1811 742 1843 7.
764 1809 824 1850 l.).

537 1868 706 1902 Sao-culus
723 1865 908 1897 communis
929 1863 1167 1906 generationis·
1193 1860 1294 1903 (fig.l
1321 1865 1351 1892 et
1374 1860 1405 1891 5.
1426 1870 1504 1892 mn.
1521 1858 1552 1900 )‚
1578 1859 1610 1890 in
1630 1870 1725 1901 quem
1740 1859 1854 1900 aperiri
1876 1858 2010 1890 vidimus
2030 1870 2145 1901 penem
2159 1883 2169 1901 ‚

495 1929 645 1969 vaginam
663 1929 761 1965 atque
788 1922 921 1953 ductum
938 1920 1152 1951 excretorium
1174 1918 1348 1954 vesiculae,
1376 1921 1422 1948 est
1432 1916 1587 1956 {saeculus
1608 1917 1683 1947 satis
1705 1926 1856 1957 magnus,
1892 1916 2014 1947 formae
2043 1917 2171 1958 aliquo-

496 1985 592 2017 modo
615 1981 801 2024 sphaericae
821 1983 853 2010 et
874 1978 1028 2008 formatus
1048 1975 1236 2006 membrana
1266 1974 1446 2012 musculosa
1476 1973 1569 2004 valde
1598 1973 1706 2004 densa.
1754 1973 1887 2003 Externe
1917 1972 1975 2003 sub
2008 1973 2169 2014 spiraculo

499 2041 655 2083 aperitur-3
679 2039 702 2069 si
728 2036 872 2077 scalpelli
888 2045 950 2076 ope
968 2034 1056 2065 illum
1079 2032 1238 2074 aperimus
1271 2041 1349 2072 ruga
1374 2030 1584 2072 linguiformis
1617 2029 1696 2071 (fig.
1711 2029 1740 2059 5.
1761 2040 1793 2071 q.
1809 2030 1866 2070 q.)
1899 2028 2102 2068 observatur,
2127 2030 2170 2061 ad

495 2097 587 2139 cujus
618 2095 720 2125 basim
763 2097 931 2134 aperturae
963 2089 1165 2122 inveniuntur
1193 2087 1282 2129 penis
1328 2087 1407 2129 (fig.
1432 2087 1463 2118 5.
1488 2086 1539 2127 ε.)
1574 2091 1604 2117 et
1643 2086 1760 2117 ductus
1799 2086 1966 2117 excretorii
2010 2086 2171 2117 vesiculae

501 2153 580 2194 (fig.
599 2153 631 2182 5.
651 2149 721 2189 t.);
745 2149 899 2191 superiori
923 2157 996 2179 vero
1030 2149 1121 2188 parte
1151 2144 1255 2174 sulcus
1287 2142 1366 2184 (fig.
1389 2143 1419 2174 5.
1440 2144 1492 2183 r.)
1529 2143 1708 2179 invenitur,
1744 2143 1776 2173 in
1805 2153 1870 2183 quo
1902 2143 2091 2174 terminatur
2112 2153 2170 2174 va-

496 2210 582 2250 gina.
626 2207 739 2238 Paullo
764 2210 939 2247 antequam
967 2208 1074 2236 cutem
1101 2202 1192 2240 adit,
1227 2199 1380 2243 glandula
1407 2199 1551 2237 subflava
1592 2199 1668 2242 (fig.
1695 2199 1708 2230 1
1741 2203 1773 2231 et
1800 2199 1830 2231 5.
1855 2209 1883 2230 ο.
1901 2198 1954 2240 ο.)
1984 2198 2168 2230 circumda-

2100 2260 2173 2295 tur,
