2361 2974
484 197 505 229 6
1035 192 1157 230 tte.
1208 192 1608 233 VERLOREN.

493 288 588 324 sitae,
614 294 791 326 earumque
811 284 1028 315 extremitates
1047 289 1212 315 externam
1234 284 1371 316 testiculi
1391 284 1612 317 membranam
1636 286 1817 329 attingunt,
1842 292 1940 330 atque
1959 290 2015 320 tali
2043 291 2169 323 ratione

487 345 611 386 positae
625 366 634 379 ,
660 351 829 383 granosam
853 342 989 372 formam
1012 341 1158 372 testiculo
1178 340 1345 384 praebent.
1390 340 1565 372 Testiculus
1590 343 1623 373 in
1644 343 1793 375 omnibus
1818 344 2042 376 Pneumonicis
2061 347 2170 388 liquo-

488 411 556 430 rem
576 399 684 429 album
706 398 899 438 glutinosum
921 398 1084 434 continet,
1108 398 1184 439 qui,
1218 398 1243 429 si
1259 397 1485 440 flmicroscopio
1506 398 1742 440 adspiciamus,
1767 411 1785 432 e
1809 399 1897 432 fibris
1914 406 2062 433 constare
2084 403 2170 434 vide-

490 461 561 493 tur,
587 454 703 496 quibus
718 453 884 484 commixti
900 459 971 484 sunt
994 453 1128 495 globuli.

529 512 568 542 In
601 512 732 541 Lz'mace
761 511 892 540 cinereo
924 509 987 552 (ι)
1026 515 1156 547 externa
1194 509 1382 547 membrana
1410 510 1492 542 fusci
1516 511 1617 551 magis
1649 515 1696 543 est
1728 512 1864 547 coloris,
1905 516 2003 553 atque
2032 513 2170 545 testiculi

488 569 591 599 forma
609 567 711 607 magis
732 566 910 607 cylindrica
924 589 933 604 ,
958 576 1065 607 neque
1085 566 1183 597 etiam
1202 566 1234 597 in
1256 566 1335 596 duas
1353 570 1461 607 partes
1481 566 1635 598 dividitur
1657 567 1737 609 (fig.
1764 568 1815 600 10,
1836 579 1874 605 r,
1898 567 1956 609 fig.
1975 568 2005 599 7.
2030 567 2086 608 a.)

532 624 595 654 Vas
620 621 800 663 deferens,
826 622 916 663 quod
940 632 958 653 e
982 622 1121 659 vasculis
1144 622 1347 658 efferentibus
1382 623 1521 658 testiculi
1551 624 1627 654 oriri
1651 624 1806 662 vidimus,
1839 629 2014 669 postquam
2040 624 2169 655 testicu-

486 682 553 711 lum
574 680 722 720 reliquit,
748 679 885 720 primum
918 690 975 720 per
1002 679 1127 722 hepatis
1152 679 1298 717 lobulos,
1334 679 1452 715 deinde
1482 680 1698 713 ventriculum
1721 681 1804 711 inter
1837 686 1867 712 et
1894 681 2019 721 hepar,
2050 680 2167 721 quibus

489 736 552 767 tela
576 734 729 766 cellulosa
751 734 963 775 conjunctum
978 741 1043 773 est,
1067 736 1208 766 decurrit
1227 735 1306 776 (fig.
1327 735 1376 765 10.
1402 735 1496 776 πω).
1543 735 1684 767 Primum
1708 737 1875 778 paululum
1904 736 2022 768 flexum
2037 736 2167 778 prodit,

482 792 600 823 deinde
631 801 706 822 vero
732 791 832 830 magis
866 791 1034 831 magisque
1063 801 1159 831 saepe
1188 791 1389 821 dextrorsum
1425 796 1523 831 atque
1557 793 1770 823 sinistrorsum
1808 793 1970 833 plicatur,
2005 792 2164 833 simulque

483 849 552 889 ejus
572 845 754 888 amplitulo
784 847 946 887 augescit,
970 847 1076 877 donec
1100 846 1141 876 ad
1171 847 1380 887 posteriorem
1410 847 1511 878 ovarii
1543 852 1667 888 partem
1702 850 1880 889 pervenerit
1915 848 1993 890 (fig.
2021 849 2050 880 1.
2079 848 2136 888 d.)
2155 870 2165 884 ,

483 905 534 936 cui
550 904 645 935 valde
667 903 843 941 adhaeret,
879 903 989 944 ibique
1014 902 1060 932 fili
1080 903 1180 933 instar
1211 907 1441 939 extenuatum,
1466 903 1605 944 primurn
1631 904 1800 945 paululum
1832 904 2020 940 adscendit,
2046 903 2165 934 deinde

481 971 586 992 rursus
626 960 787 995 decurrit,
822 963 919 1000 atque
972 959 1114 1000 aperitur
1145 959 1179 990 in
1214 958 1303 989 sulco
1318 980 1326 995 ,
1360 958 1417 1000 qui
1449 959 1534 989 intus
1583 959 1616 990 in
1656 960 1827 992 oviductus
1865 964 1958 1001 parte
2002 960 2164 1000 superiore

477 1018 602 1059 incipit.

520 1074 645 1104 Sulczcs
663 1073 715 1103 ille
741 1071 818 1113 (fig.
842 1071 873 1101 3.
892 1070 983 1110 ποτ’.)
1013 1081 1070 1111 per
1092 1074 1193 1100 totam
1224 1069 1460 1111 longitudinem
1489 1070 1664 1102 oviductus
1723 1071 1766 1101 ad
1793 1071 1930 1112 vaginae
1961 1070 2087 1101 initium
2114 1080 2166 1101 us-

477 1140 542 1171 que
569 1129 722 1160 decurrit.
767 1127 900 1159 Constat
930 1126 1057 1157 duabus
1085 1126 1194 1167 rugis,
1228 1131 1321 1168 parte
1349 1126 1510 1168 superiore
1544 1126 1589 1158 ita
1617 1137 1649 1158 se
1683 1127 1938 1169 attingentibus,
1973 1131 2008 1157 ut
2041 1114 2164 1158 canalis

478 1186 600 1226 ubique
621 1186 746 1216 clausus
767 1184 934 1215 formetur.

522 1241 648 1273 Eodem
666 1241 760 1277 loco,
782 1249 849 1281 quo
872 1240 955 1270 intus
974 1239 1080 1269 sulcus
1101 1238 1263 1275 decurrit,
1285 1237 1460 1279 glandula
1494 1237 1624 1272 externa
1655 1238 1826 1270 oviductus
1851 1237 1970 1281 pagina
2002 1237 2097 1269 affixa
2120 1241 2167 1268 est

478 1297 559 1340 (fig.
583 1298 595 1327 l
620 1302 650 1328 et
668 1299 698 1330 7,
723 1307 750 1328 e.
769 1307 796 1327 e.
815 1307 842 1328 e.
868 1295 923 1337 fig.
949 1294 999 1326 10.
1023 1304 1052 1326 1,.
1069 1294 1100 1333 ),
1125 1304 1210 1335 quae
1231 1304 1305 1325 cum
1326 1296 1525 1335 prostalc'aea
1547 1294 1736 1325 animalium
1756 1294 1957 1336 superiorum
1981 1294 2165 1334 comparari

476 1359 590 1395 potest.
636 1353 849 1393 Microseopio
868 1352 932 1383 visa
947 1374 955 1388 ,
990 1362 1007 1382 e
1027 1350 1132 1392 parvis
1158 1351 1294 1380 sacculis
1314 1354 1462 1385 constat,
1488 1350 1545 1390 qui
1570 1350 1729 1389 liquorem
1751 1357 1936 1383 mucosum,
1971 1358 2067 1389 quem
2086 1357 2166 1380 eon-

483 1411 605 1446 tinent,
630 1419 687 1450 per
707 1409 841 1449 parvula
861 1406 983 1441 crificia
1010 1407 1043 1437 in
1063 1406 1187 1436 sulcum
1206 1405 1388 1437 effundunt.

525 1466 571 1496 Eo
595 1466 687 1500 loco,
712 1474 778 1504 quo
802 1464 916 1493 desinit
938 1463 1044 1491 sulcus
1065 1461 1256 1496 oviductus,
1281 1469 1396 1500 nempe
1421 1460 1509 1500 apud
1535 1459 1668 1499 vaginae
1691 1458 1839 1496 initium,
1864 1459 2024 1491 orificium
2048 1460 2079 1491 in
2105 1460 2163 1493 illo

485 1524 690 1554 observamus
724 1520 804 1552 vasis
828 1516 1067 1558 cartilaginosi‚
1093 1515 1183 1556 quod
1216 1516 1354 1545 ductum
1384 1514 1583 1546 seminalem
1611 1514 1778 1545 nominare
1801 1515 1948 1545 volumus
1984 1515 2062 1557 (fig.
2086 1516 2163 1558 l.j2

479 1581 534 1620 fig.
557 1580 588 1609 3.
607 1577 670 1619 r‘.)
694 1576 836 1607 Primum
856 1586 912 1617 per
934 1574 1082 1615 vaginam
1102 1572 1142 1602 ad
1161 1571 1229 1612 ejus
1247 1572 1451 1602 insertionem
1478 1571 1512 1602 in
1543 1571 1709 1601 sacculum
1740 1580 1947 1601 communem
1979 1574 2161 1612 generatio-

482 1637 530 1667 nis
555 1645 656 1675 usque
678 1632 838 1668 decurrit,
865 1631 986 1661 deinde
1007 1639 1101 1665 vero,
1131 1634 1305 1669 postquam
1328 1638 1359 1658 se
1388 1627 1483 1657 semel
1506 1628 1629 1657 circum
1651 1627 1810 1659 vesiculae
1843 1627 1977 1658 ductum
2008 1628 2165 1666 volverit,

481 1701 586 1721 rursus
604 1700 660 1731 per
687 1699 800 1730 penem
829 1687 1022 1725 adscendit,
1047 1690 1145 1726 atque
1170 1686 1204 1716 in
1226 1684 1323 1725 hujus
1349 1684 1461 1725 organi
1492 1684 1618 1724 apicem
1646 1688 1796 1724 penetrat
1828 1683 1906 1724 (fig.
1934 1683 1962 1715 l.
1978 1685 2054 1725 g.).
2099 1684 2162 1716 Per

482 1752 583 1777 totum
599 1755 689 1778 suum
713 1744 884 1775 decursum
908 1743 990 1774 telae
1015 1742 1187 1773 cellulosae
1202 1751 1264 1782 ope
1284 1751 1316 1771 se
1340 1741 1467 1782 organis
1481 1763 1489 1777 ,
1512 1751 1570 1781 per
1589 1750 1674 1781 quae
1696 1740 1876 1782 procurrit,
1895 1738 2008 1781 affigit.
2053 1740 2161 1772 Talem

482 1803 724 1845 dispositionem
745 1800 860 1831 ductus
883 1799 1043 1830 seminalis
1069 1798 1101 1830 in
1122 1797 1269 1829 omnibus
1292 1787 1535 1828 Pammenia&
1556 1796 1781 1833 observamus,
1805 1806 1941 1837 nempe,
1972 1801 2005 1826 ut
2023 1797 2162 1837 primum

479 1871 511 1891 se
531 1859 677 1891 reflectat
700 1861 807 1888 cutem
827 1867 950 1892 versus,
986 1855 1104 1891 deinde
1137 1865 1211 1885 vero
1242 1865 1347 1884 rursus
1371 1853 1561 1884 adscendat.
1608 1853 1666 1883 Illa
1687 1853 1852 1893 dispositio
1884 1853 2060 1883 necessaria
2091 1858 2157 1889 est,

484 1917 561 1958 q‘uia
589 1915 679 1957 penis
696 1915 729 1944 in
750 1913 900 1944 omnibus
937 1912 1023 1945 hisce
1058 1911 1269 1950 animalibus,
1310 1913 1434 1942 coitum
1464 1910 1671 1947 ineuntibus,
1706 1910 1752 1940 uti
1771 1909 1953 1945 tentacula,
1989 1918 2088 1949 quum
2111 1919 2163 1940 re-

480 1978 583 2004 tracta
605 1973 688 2007 sint,
713 1970 817 2002 evolvi
840 1969 947 2007 debet.

520 2030 667 2060 Lz'macz's
699 2026 828 2058 cinerei
858 2025 1028 2057 oviductus
1054 2025 1200 2060 sulcum,
1227 2034 1324 2064 quem
1342 2023 1607 2059 memoravimus,
1638 2032 1704 2053 non
1724 2021 1882 2063 possidet,
1914 2025 2011 2062 atque
2042 2021 2157 2052 ductus

479 2086 637 2117 seminalis
670 2084 747 2126 (fig.
768 2080 923 2123 7.flf·)
964 2091 1029 2112 non
1057 2081 1090 2111 in
1118 2079 1272 2112 oviductu
1300 2081 1462 2122 aperitur,
1500 2080 1557 2111 sed
1584 2091 1640 2121 per
1673 2080 1762 2110 illum
1787 2078 1946 2121 procurrit
1985 2088 2083 2118 usque
2117 2077 2159 2108 ad

2035 2144 2040 2146 ·
2079 2143 2156 2164 ova-

516 2236 781 2273 (1)Lan1arck,
811 2235 880 2261 nist.
910 2235 974 2261 Nat.
1009 2233 1058 2260 des
1085 2231 1179 2260 Anim.
1207 2241 1270 2259 sans
1294 2236 1365 2259 vert.
1392 2233 1472 2260 Tom.
1491 2232 1542 2261 VI.
1569 2232 1600 2261 P.
1622 2232 1661 2260 11.
1693 2241 1746 2269 pag
1777 2233 1818 2258 5ο.
1866 2232 1968 2258 Limam
2000 2230 2153 2260 maximus,

473 2286 658 2312 Linnaeus
671 2305 678 2318 ‚
719 2284 841 2319 Systema
870 2283 992 2309 Naturae
1011 2301 1019 2316 ‚
1048 2281 1093 2309 e‘l.
1123 2281 1175 2309 130.
1204 2290 1266 2318 pag.
1287 2282 1359 2309 1081.
1396 2282 1498 2309 Limax
1525 2283 1714 2317 antiquorum,
1733 2279 1917 2308 Ferussac
1932 2299 1941 2314 ,
1958 2277 2045 2310 Hist„
2064 2285 2093 2312 p.
2113 2277 2153 2303 68.

477 2335 516 2362 Pl.
540 2340 572 2367 4,
594 2336 649 2367 (ιλ.
669 2333 729 2368 Fig.
748 2342 756 2357 1
771 2352 779 2364 ‚
801 2342 834 2366 2,
853 2333 882 2363 3,
903 2334 928 2364 ἡ.
951 2330 992 2358 Pl.
1008 2331 1066 2360 8A.
1084 2329 1144 2365 Fig.
1160 2339 1182 2358 1·
