2361 2974
451 203 489 233 12
994 198 1034 230 M.
1080 192 1569 232 QVERLOREN,

452 291 545 333 cujus
572 290 688 322 ductus
710 289 904 321 excretorius
928 287 1024 320 valde
1058 285 1163 318 brevis
1185 294 1260 317 cum
1297 293 1398 326 parva
1434 290 1583 326 apertura
1613 285 1647 317 in
1677 284 1802 316 orificio
1826 284 1994 318 oviduetus
2023 289 2126 330 aperi-

453 353 514 378 tur.
560 347 706 379 Vesicuta
729 347 801 382 illa.
825 344 917 386 cujus
939 343 1128 375 membrana
1153 342 1279 373 interna
1307 341 1421 372 multas
1444 342 1547 382 plicas
1572 341 1683 378 offert,
1707 340 1804 372 habet
1830 342 1965 383 parietes
1989 345 2130 376 tenuissi—

452 413 521 433 mos
544 407 642 444 atque
668 402 768 433 albos.
813 401 998 433 Membrana
1029 400 1083 432 illa
1106 399 1251 436 interna,
1278 397 1324 429 uti
1349 397 1421 439 jam
1445 397 1600 435 vidimus,
1628 397 1795 430 vasculum
1819 407 1837 429 a
1867 397 1968 429 ductu
1990 400 2130 432 seminali

455 459 586 500 accipit.

1234 497 1265 537 5
1312 496 1346 531 a

1010 591 1582 636 TESTACELLA.(me)

1196 669 1287 711 (Εἰς.
1313 669 1390 711 14.)

495 767 540 797 De
562 764 689 807 organis
706 764 920 805 generationis
941 763 1036 805 hujus
1057 762 1180 804 generis
1204 766 1302 803 atque
1333 761 1431 793 etiam
1460 761 1622 793 Onchz'dic'
1651 761 1729 793 nihil
1753 761 1842 793 aliud
1866 761 1943 793 mihi
1970 764 2131 803 innotuit,

455 833 553 864 quam
574 832 611 852 ex
632 820 898 861 descriptionibus
922 824 953 850 et
977 819 1093 851 tabulis
1116 829 1135 849 a
1160 817 1362 849 Cuvierio
1384 816 1488 848 factis.
2123 844 2126 847 ,

497 879 535 909 In
558 875 745 909 Testacella
765 876 985 907 Haliotoz‘dea
1008 875 1071 917 (ι)
1095 885 1132 906 ea
1157 883 1280 915 organa
1305 873 1400 905 valde
1422 883 1496 904 cum
1519 872 1578 903 illis
1603 871 1743 903 Limacis
1771 873 1976 906 conveniunt.
2027 875 2130 905 Testi-

455 934 552 965 ‹tulus
584 933 666 974 (fig.
689 932 739 962 14.
767 931 826 972 ο.)
851 933 882 964 in
914 931 1059 974 corporis
1093 934 1184 973 parte
1214 929 1338 960 sinistra
1370 929 1452 960 inter
1480 928 1580 970 hepar
1611 929 1730 970 positus
1766 933 1822 959 est.
1881 928 1943 959 Vas
1976 929 2134 970 defferens

459 990 537 1031 (fig.
565 988 615 1020 14.
632 987 696 1030 p.)
722 992 792 1029 post
812 988 927 1019 multas
948 987 1139 1030 plicationes
1157 986 1267 1018 ovario
1287 990 1376 1017 arcte
1400 984 1565 1022 inhaeret,
1591 984 1637 1015 uti
1651 985 1685 1015 in
1704 984 1852 1015 omnibus
1876 984 2111 1017 PneumoniciS.

498 1045 607 1076 Pem's
631 1043 709 1085 (fig.
727 1043 777 1075 14.
797 1044 866 1084 d.),
891 1049 974 1076 statu
993 1048 1152 1081 retracto,
1169 1042 1369 1084 longitudine
1381 1052 1475 1083 supra
1495 1046 1622 1073 caetera
1643 1040 1790 1071 intestina
1810 1041 1930 1082 positus
1952 1046 2015 1079 θεῖς
2040 1041 2136 1071 habet

457 1101 537 1132 duos
559 1101 719 1132 musculos
741 1101 923 1142 oppositos.
948 1110 1087 1142 quorum
1109 1110 1189 1131 unus
1211 1097 1418 1130 membranae
1444 1097 1643 1129 musculosae
1667 1096 1753 1127 dorsi
1776 1096 2048 1139 (diaphragmati)
2075 1097 2131 1127 sub

458 1155 607 1192 concha,
634 1156 715 1186 alter
740 1165 815 1187 vero
850 1156 916 1187 cuti
949 1166 1050 1201 prope
1081 1160 1265 1198 aperturam
1292 1165 1496 1188 communem
1524 1152 1710 1195 genitalium
1731 1152 1842 1183 affixus
1860 1157 1906 1183 est
1930 1152 2015 1193 (2).

504 1211 666 1243 ovar-ium
687 1210 763 1253 (fig.
789 1211 840 1243 14.
866 1211 920 1254 b.)
952 1211 1089 1243 sormam
1116 1211 1270 1244 exhibens
1292 1216 1441 1247 matam,
1478 1210 1687 1247 sinistrorsum
1717 1208 1927 1241 ventriculum
1952 1208 2032 1240 inter
2055 1214 2083 1238 et
2105 1218 2138 1239 os

462 1269 555 1299 situm
577 1271 634 1299 est.

507 1323 691 1354 Ovz'duclus
720 1322 797 1364 (fig.
820 1322 871 1355 14.
900 1322 965 1365 b'.)
989 1328 1035 1356 est
1065 1333 1118 1356 vas
1140 1322 1316 1365 parietibus
1339 1323 1461 1359 densis,
1486 1327 1517 1353 et
1545 1326 1722 1354 transverso
1750 1320 1946 1360 eorrigatum
1971 1318 1985 1359 (
1996 1318 2051 1359 5).

507 1377 659 1408 Vesz'cula
681 1378 757 1418 (fig.
783 1378 833 1408 14.
854 1379 905 1418 c..)
932 1380 965 1409 in
984 1379 1100 1420 vagina
1123 1379 1266 1420 aperitur
1291 1377 1380 1409 haud
1403 1376 1517 1419 procul
1540 1375 1581 1407 ab
1611 1375 1679 1417 ejus
1703 1379 1852 1416 apertura
1880 1378 2027 1411 externa,
2055 1383 2139 1415 quae

464 1434 538 1477 peni
559 1440 593 1465 et
620 1433 754 1474 vaginae
777 1437 822 1464 est
845 1434 1043 1472 communis,
1067 1438 1167 1473 atque
1185 1433 1244 1464 sub
1263 1433 1428 1463 tentaculo
1453 1433 1565 1462 dextro
1587 1431 1702 1473 majori
1721 1431 1824 1471 posita
1848 1434 1903 1459 est.

1253 1527 1283 1569 g
1334 1527 1365 1559 a

999 1619 1587 1667 PARMACELLA.(ffiwQ

1110 1703 1202 1745 (Fig.
1230 1702 1288 1741 15,
1316 1701 1355 1732 16
1378 1705 1409 1733 et
1434 1701 1508 1740 17.)

509 1799 674 1832 Structura
712 1810 905 1841 organorum
935 1799 1149 1840 generationis
1185 1797 1425 1832 Parmacellae
1461 1795 1618 1830 Olz'vz‘ert'z'
1651 1796 1720 1840 (4)
1761 1794 1902 1829 medium
1941 1799 2027 1828 tenet
2060 1796 2141 1828 inter

470 1857 616 1889 limacis
638 1861 668 1888 et
692 1855 819 1889 Helz'eis
839 1860 1041 1887 structuram.
2071 1894 2098 1925 Τ

2095 1905 2146 1925 es·

506 2008 557 2042 (ι)
577 2007 715 2037 Cuvier.
733 2007 856 2035 Annales
868 2007 907 2035 du
919 2007 1051 2035 Museum
1069 2006 1192 2035 national
1211 2006 1355 2036 d’histoire
1367 2005 1519 2041 naturelle,
1540 2005 1616 2033 Paris
1631 2005 1703 2034 1804.
1717 2005 1757 2034 4⁰.
1775 2004 1855 2032 Tem.
1871 2003 1910 2034 V.
1927 2013 1955 2040 p.
1969 2003 2026 2036 435,
2044 2001 2086 2030 Ρ1.
2101 2012 2142 2039 29.

479 2053 526 2090 fig.
540 2057 599 2082 6-
613 2066 655 2084 u.
690 2056 858 2084 Teseacellus
876 2056 1053 2084 Haliotideus
1070 2055 1092 2082 F
1103 2056 1253 2085 erussac
1265 2076 1274 2088 ‚
1293 2055 1366 2083 Hist.
1389 2064 1453 2092 pag.
1471 2057 1515 2090 94.
1537 2053 1580 2081 Pl.
1596 2057 1621 2082 8.
1639 2052 1687 2089 fig.
1702 2056 1717 2081 5
1728 2062 1784 2088 —9
1797 2071 1805 2085 ›
1821 2060 1851 2081 1¹
1863 2071 1871 2085 2
1889 2053 1920 2079 ι3
1933 2071 1942 2083 ι
1964 2054 1994 2084 ῐ4
2006 2070 2014 2085 2
2035 2053 2075 2079 ¹⁵-

509 2103 521 2137 (
529 2112 542 2129 2
555 2103 565 2136 )
587 2103 650 2130 Non
668 2108 761 2132 tamen
779 2103 956 2132 Cuvierio
984 2103 1118 2132 assentior
1136 2103 1267 2132 ultimum
1279 2102 1334 2130 hoc
1349 2112 1473 2139 orgnnon
1494 2109 1553 2130 esse
1576 2100 1732 2129 musculum
1744 2122 1752 2135 ,
1772 2109 1869 2130 verum
1882 2097 2063 2138 probabiliter
2078 2096 2145 2125 mihi

475 2157 535 2177 esse
555 2149 666 2178 videtur
684 2152 781 2181 ductus
800 2153 958 2187 seminalis,
976 2162 992 2180 a
1010 2157 1091 2190 parte
1109 2152 1247 2180 anteriore
1264 2151 1409 2181 oviductus
1428 2151 1499 2179 sorte
1516 2150 1661 2178 abscissus.

513 2198 559 2233 (3)
576 2197 706 2234 Sulcum,
725 2208 809 2236 quem
824 2199 854 2228 in
872 2200 1005 2230 oviductu
1022 2203 1144 2231 Limacts
1156 2203 1213 2237 rufi
1232 2200 1426 2235 observamus,
1443 2198 1628 2230 verisimiliter
1645 2197 1727 2226 etiam
1745 2195 1797 2232 ibi,
1812 2196 1852 2224 uti
1864 2200 1893 2224 et
1906 2195 1934 2223 in
1947 2195 2141 2227 Par-macella,

477 2245 572 2273 adesse
590 2254 654 2274 cum
671 2246 876 2276 Trevirano
903 2249 995 2278 credo.

510 2295 566 2329 (4)
583 2294 660 2322 Cuv.
673 2314 682 2329 ,
698 2295 773 2324 Anu.
794 2294 832 2322 du
853 2295 926 2323 Mus.
939 2316 948 2330 ,
965 2297 1043 2329 Tem.
1055 2296 1095 2329 V.
1119 2306 1148 2335 p.
1162 2299 1221 2332 4³⁵·
1249 2295 1293 2328 Pl.
1313 2306 1353 2334 ²9·
1371 2295 1419 2333 fig.
1431 2298 1551 2332 12—15.
1587 2294 1780 2325 Par-macellus
1799 2292 1927 2324 otiuierti
1949 2290 2142 2321 Ferussam

476 2340 550 2373 Hist.
575 2351 639 2381 pag.
650 2351 692 2378 79.
713 2342 756 2373 Pl.
773 2352 797 2378 7.
820 2341 869 2380 fig·
881 2345 968 2375 2—5.
