2361 2974
553 342 1477 404 RESPONSIO

994 520 1054 545 AD

348 673 1003 739 QUAESTIONEM
1064 659 1682 730 zooLOGICAM.

629 1055 1405 1101 INTRODUCTIO.

181 1237 365 1295 Omnibus
381 1260 446 1291 rere
467 1260 655 1292 hominibus
673 1259 839 1291 laudabile
871 1260 1017 1291 innatum
1049 1264 1095 1290 est
1121 1258 1316 1290 desiderium
1355 1258 1498 1291 Naturae
1525 1268 1625 1301 opera
1659 1261 1692 1288 et
1715 1259 1864 1289 contem&

180 1319 295 1360 plaudi
321 1322 352 1349 et
375 1317 588 1359 investigandi
604 1340 611 1352 ‚
637 1317 727 1357 quod
746 1318 793 1346 uti
810 1317 843 1347 in
865 1316 1035 1358 juventute
1060 1316 1160 1356 vulgo
1183 1325 1215 1345 se
1242 1316 1402 1351 ostendit,
1435 1316 1479 1346 ita
1506 1316 1602 1347 variis
1631 1315 1734 1346 causis
1768 1324 1862 1356 saepe

183 1377 296 1415 postea
328 1374 540 1412 deprimitur,
565 1381 670 1411 neque
705 1373 842 1411 amplius
867 1382 900 1400 se
923 1372 1067 1401 evolvere
1093 1372 1183 1402 solet.
1229 1371 1267 1403 In
1295 1382 1345 1402 me
1375 1371 1472 1401 etiam
1502 1381 1520 1402 a
1548 1372 1664 1402 teneris
1689 1371 1765 1402 inde
1801 1372 1863 1401 tale

181 1428 376 1460 desiderium
396 1426 621 1464 evolvebatur,
647 1425 702 1457 sed
728 1425 854 1456 felicem
876 1435 927 1456 me
954 1425 1083 1462 habeo,
1110 1425 1199 1466 quod
1233 1431 1345 1467 postea
1377 1437 1444 1457 non
1472 1427 1683 1463 exstinctum,
1708 1431 1863 1467 perpetuo

182 1486 263 1516 illud
283 1495 334 1515 me
357 1483 510 1514 allexerit.
555 1482 717 1523 Temporis
735 1483 842 1517 enim,
867 1481 958 1522 quod
988 1481 1130 1512 Naturae
1161 1481 1237 1512 dedi
1273 1482 1544 1522 contemplandae
1575 1487 1605 1514 et
1631 1482 1866 1524 indagandae,

185 1550 352 1582 nunquam
368 1549 418 1569 me
437 1538 600 1579 poenitere
617 1548 709 1580 posse
728 1538 886 1569 existimo.

230 1597 283 1627 Uti
304 1600 411 1626 autem
437 1594 578 1624 Naturae
597 1595 830 1636 contemplatio
849 1605 900 1624 me
924 1593 1129 1630 delectabat,
1153 1593 1198 1624 ita
1219 1594 1373 1636 imprimis
1403 1595 1436 1626 in
1455 1595 1578 1627 deliciis
1605 1596 1767 1627 habebam
1797 1597 1868 1627 ani·

186 1654 283 1685 malia
305 1651 494 1692 investigare
516 1650 743 1682 invertebrata.
788 1651 890 1682 Avide
915 1650 1011 1691 igitur
1040 1651 1317 1691 opportunitatem
1352 1652 1492 1693 arripui,
1528 1663 1593 1694 qua
1620 1653 1718 1684 etiam
1742 1652 1803 1683 hac
1834 1654 1867 1683 in

187 1709 335 1742 doctrina
357 1708 436 1738 vires
454 1707 641 1737 intendendi
663 1717 748 1737 meas
775 1717 851 1737 ansa
873 1705 1025 1737 dabatur.
1070 1705 1219 1737 Facultas
1239 1718 1356 1749 nempe
1386 1709 1560 1740 Matheseos
1583 1714 1614 1740 et
1641 1709 1868 1751 Philosophiae

189 1765 348 1796 Naturalis
378 1764 410 1794 in
446 1762 620 1793 Academia
653 1763 953 1804 Lugduno-Batava
980 1763 1199 1803 quaestionem
1228 1773 1327 1803 quum
1359 1766 1572 1806 proposuisset
1598 1765 1808 1806 Zofflogicam
1829 1766 1870 1796 de

186 1822 314 1864 organis
339 1819 550 1861 generationis
570 1821 796 1851 nonnullorum
818 1820 1043 1851 Molluscorum
1059 1843 1067 1858 ,
1091 1819 1175 1851 hanc
1196 1820 1417 1860 quaestionem
1437 1822 1628 1858 meditatus,
1653 1823 1732 1853 vires
1756 1833 1857 1859 meas,

189 1885 389 1920 quamquam
411 1877 624 1914 tenuissimas,
648 1877 681 1907 in
704 1878 770 1919 ipsa
791 1876 943 1908 solvenda
965 1876 1131 1907 intendere
1155 1875 1231 1906 mihi
1253 1878 1417 1918 proposui.

232 1936 416 1974 Antequam
440 1943 513 1965 vero
546 1933 587 1964 ad
613 1934 715 1975 ipsam
750 1939 908 1965 transeam
940 1933 1200 1974 responsionem,
1236 1933 1316 1965 haec
1352 1934 1428 1965 mihi
1461 1935 1702 1976 praemonenda
1732 1945 1796 1967 esse
1825 1936 1868 1967 vi-

194 1991 320 2021 dentur.

234 2047 421 2082 severinus,
446 2046 631 2082 Muraltius,
661 2046 841 2082 deems,
869 2045 994 2086 Rajus,
1023 2044 1165 2082 Remus,
1193 2046 1292 2077 Lister
1314 2052 1411 2088 atque
1434 2047 1588 2088 imprimis
1610 2058 1749 2078 summus
1767 2054 1873 2080 noster

193 2103 528 2135 Swammerdammius
551 2103 644 2143 primi
665 2103 814 2138 fuerunt,
840 2103 895 2143 qui
925 2102 1038 2132 horum
1067 2103 1253 2133 animalium
1290 2114 1393 2134 mores
1425 2108 1456 2134 et
1490 2108 1683 2135 structuram
1714 2106 1869 2148 indagare

192 2164 376 2201 coeperunt.
430 2160 504 2190 Post
529 2158 884 2189 Swammerdammium
908 2163 1014 2189 tamen
1035 2160 1150 2189 mansit
1169 2159 1222 2189 illa
1258 2159 1408 2192 doctrina
1443 2171 1499 2202 per
1525 2161 1683 2201 integrum
1717 2162 1781 2192 sere
1799 2174 1868 2192 sae-

195 2218 303 2248 culum
325 2216 460 2247 tenebris
477 2216 587 2246 relicta
601 2237 610 2251 ,
635 2215 741 2246 donec
761 2216 851 2246 initio
883 2214 977 2256 hujus
1011 2215 1130 2245 saeculi
1166 2226 1300 2257 magnus
1322 2217 1374 2246 ille
1396 2221 1425 2247 et
1445 2217 1630 2257 praeclarus
1651 2219 1784 2248 surrexit.
1807 2218 1874 2248 Cu-

194 2273 331 2308 vierius,
357 2273 537 2303 anatomiae
559 2276 770 2313 comparatae
800 2277 934 2308 auctor,
960 2272 1014 2312 qui
1042 2277 1213 2303 accuratas
1237 2274 1364 2304 illorum
1401 2273 1490 2303 dedit
1523 2273 1776 2314 descriptiones,
1802 2276 1875 2315 pul⁴

197 2329 361 2361 cherrimis
396 2328 514 2360 additis
538 2329 695 2360 iconibus.
753 2328 797 2359 De
827 2328 1040 2370 generationis
1068 2339 1143 2361 vero
1181 2330 1309 2370 organis
1351 2330 1488 2361 multum
1521 2331 1671 2362 remansit
1700 2330 1809 2363 dubii,
1843 2335 1874 2360 et

1230 2388 1255 2415 A
1279 2386 1298 2415 2
1762 2397 1875 2427 quum-
