2361 2974
509 193 554 229 18
1060 190 1101 222 M.
1147 189 1182 221 C.
1234 186 1635 225 VERLOREN,

512 289 547 319 in
569 285 694 317 Helicz's
713 281 868 315 oviductu
889 280 1084 318 invenimus,
1109 289 1176 313 non
1197 279 1362 322 possidet,
1386 290 1488 322 quum
1510 279 1626 311 ductus
1648 275 1808 310 seminalis
1829 278 2024 312 extrinsecus
2043 290 2100 324 per
2119 283 2187 325 ejus

511 342 733 375 contorsiones
754 340 919 371 decurrat.

554 399 678 430 Transit
697 397 730 428 in
749 396 913 437 vaginam
936 393 1016 436 (fig.
1034 393 1088 426 34.
1109 393 1191 436 k.)‚
1217 403 1304 435 quae
1323 393 1399 425 satis
1428 393 1526 434 longa
1547 395 1594 423 est
1618 395 1717 434 atque
1739 391 1772 423 in
1796 392 1966 424 sacculum
1986 401 2189 427 communem

512 453 727 499 generationis
746 452 899 493 aperitur.

553 513 689 543 Ductus
711 509 923 540 excretorias
945 506 1118 538 vesiculae
1147 504 1226 547 (fig.
1247 506 1300 538 34.
1320 505 1388 547 m.)
1415 504 1593 536 admodum
1621 505 1736 546 longus
1757 508 1856 545 atque
1890 505 1993 535 tenuis
2015 506 2047 536 in
2073 508 2189 547 vagina

514 569 664 610 aperitur.
723 563 874 596 Vesz'cala
910 563 991 604 (fig.
1011 563 1064 595 34.
1099 562 1151 603 l.)
1188 562 1310 595 formae
1348 561 1537 604 sphaericae
1567 560 1755 593 membrana
1801 561 1984 592 tenuissima
2015 561 2189 598 formatur,

513 630 634 665 atque,
664 621 709 652 uti
730 621 896 663 plerique,
915 620 1074 661 liquorem
1097 619 1241 650 continet
1263 619 1374 649 album
1396 618 1629 650 rubescentem.

552 681 593 711 In
615 677 752 710 sacculo
775 678 945 708 communi
971 677 1213 718 generationis
1245 675 1324 717 (fig.
1346 674 1425 716 35.)
1459 674 1550 716 penis
1574 684 1648 706 cum
1674 674 1796 716 papilla
1820 674 1996 711 eminente,
2029 674 2189 715 perforata

516 737 597 778 (fig.
621 736 676 767 35.
696 733 752 775 ο.)
784 734 944 775 aperitur,
978 737 1077 774 atque
1108 731 1166 762 sub
1187 732 1242 762 illa
1269 731 1390 772 papilla
1414 731 1574 762 invenitur
1597 730 1756 763 orificium
1782 732 1917 773 vaginae
1948 731 2026 773 (fig.
2047 732 2100 764 35.
2121 743 2154 773 q.
2168 732 2192 772 ).

512 793 675 824 Saeculus
699 792 752 822 ille
772 800 836 822 non
857 797 991 830 magnus
1008 793 1040 819 et
1060 788 1145 818 intus
1176 787 1272 829 plicis
1301 787 1473 817 instructus
1504 792 1689 829 aperturam
1720 798 1786 819 non
1815 788 1972 829 possidet,
1998 798 2104 820 verum
2127 798 2192 818 uno

513 850 615 881 latere
633 852 763 890 propter
786 846 986 877 tentaculum
1009 844 1157 875 dextrum
1185 853 1315 884 prorsus
1333 847 1460 884 apertus
1483 848 1530 875 est
1554 843 1636 885 (fig.
1656 843 1709 876 35.
1732 855 1767 876 n.
1794 855 1829 875 η.
1844 844 1856 885 )
1873 867 1883 882 ,
1914 845 1960 875 ita
1978 849 2031 881 ut,
2057 844 2191 885 quando

511 906 592 937 illud
612 904 769 936 orificium
786 903 956 943 paululum
978 901 1138 942 aperitur,
1162 900 1302 930 naturali
1321 899 1405 931 enim
1424 904 1508 930 statu
1528 900 1680 933 lateribus
1707 910 1773 932 sese
1795 900 2025 942 attingentibus
2045 901 2192 931 clausum

512 967 577 998 est,
601 960 698 993 ambo
717 958 844 992 orificio.
861 963 892 993 et
909 958 1000 1001 penis
1021 961 1053 989 et
1078 955 1215 998 vaginae
1236 956 1396 988 observari
1417 957 1553 998 possint,

1302 1073 1333 1115 g.
1379 1071 1412 1105 τ.

1009 1180 1041 1215 o
1058 1180 1087 1214 N
1102 1179 1127 1214 c
1142 1179 1175 1215 H
1190 1180 1209 1214 1
1225 1180 1256 1214 D
1273 1180 1290 1213 1
1308 1180 1338 1216 U
1354 1181 1398 1214 M.
1440 1178 1675 1222 (Buokanan.
1687 1179 1706 1223 y

1206 1262 1297 1304 (mg.
1319 1261 1363 1293 40
1375 1279 1416 1288 ,-
1427 1261 1505 1303 42>

555 1372 593 1402 In
626 1370 790 1403 Onchz'dz'o
821 1368 967 1399 Per-onii
988 1367 1000 1408 (
1014 1369 1082 1410 ι),
1106 1367 1202 1409 cujus
1233 1369 1429 1397 structuram
1460 1364 1618 1395 internam
1648 1362 1868 1396 Cuvierius
1897 1362 2064 1405 descripsit
2090 1369 2191 1406 atque

516 1426 708 1463 delineavit,
744 1433 866 1464 organa
894 1423 1134 1463 generationis,
1165 1421 1341 1460 praecipue
1368 1429 1454 1458 quae
1491 1418 1710 1448 functionibus
1737 1418 1919 1447 masculinis
1955 1418 2065 1449 dicata
2095 1427 2166 1451 sunt
2179 1445 2193 1459 2.

511 1482 683 1513 mirificam
705 1478 827 1509 habent
856 1475 1150 1510 constructionem,
1175 1474 1281 1514 qualis
1303 1473 1337 1503 in
1363 1471 1498 1503 caeteris
1522 1470 1749 1503 Pneumonicis
1768 1482 1835 1503 non
1859 1472 2044 1505 observatur
2058 1496 2066 1510 ‚
2089 1479 2190 1517 atque

514 1547 625 1569 eorum
648 1533 830 1566 functiones
850 1530 939 1562 haud
963 1529 1076 1561 faciles
1102 1533 1175 1560 sunt
1201 1529 1379 1570 explicatu.

556 1593 687 1634 Organa
709 1588 886 1621 masculina
910 1591 942 1618 et
968 1586 1105 1617 feminea
1129 1596 1196 1616 non
1227 1585 1364 1616 eandem
1391 1582 1512 1614 haben-t
1542 1585 1726 1622 aperturam
1756 1586 1948 1619 externam,
1969 1592 2078 1615 verum
2107 1594 2193 1616 mas·

514 1649 625 1679 culina
646 1646 729 1677 inter
758 1643 922 1676 tentacula
951 1645 1084 1684 propter
1114 1641 1263 1672 dextrum
1286 1640 1494 1682 aperiuntur3
1518 1637 1678 1669 orificium
1711 1647 1785 1668 vero
1808 1637 2019 1669 femineorum
2049 1649 2190 1680 organo-

510 1713 583 1734 rum
606 1711 708 1744 prope
727 1711 824 1732 annm
846 1699 960 1730 dextro
987 1697 1132 1738 corporis
1167 1697 1265 1728 latere
1291 1695 1451 1726 invenitur
1474 1694 1552 1735 (fig.
1575 1693 1628 1724 42.
1654 1692 1722 1732 6.).
1766 1693 1815 1723 Ab
1840 1693 1896 1723 illo
1922 1693 2048 1725 orificio
2071 1694 2187 1724 sulcus

515 1755 781 1797 longz'tudz'nalz's
807 1754 886 1796 (fig.
910 1753 964 1784 42.
989 1752 1018 1783 b.
1042 1753 1099 1794 a.)
1124 1762 1225 1793 usque
1255 1750 1298 1782 ad
1320 1750 1425 1783 vetum
1455 1749 1602 1781 dextrum
1635 1748 1750 1790 capitis
1774 1748 1956 1789 procurri13
1991 1749 2046 1790 qui
2081 1754 2189 1780 tamen

517 1814 678 1847 orificium
703 1812 795 1855 penis
814 1820 880 1843 non
904 1808 1045 1851 attingit.

2115 1861 2189 1893 Tes-

553 1967 606 2001 (ι)
626 1964 778 1994 Cuvier.
801 1966 875 1993 Ann.
893 1962 930 1991 du
948 1965 1019 1992 Mus.
1037 1961 1071 1989 T.
1081 1961 1118 1991 V.
1135 1968 1201 1999 pag.
1217 1963 1257 1995 37.
1276 1959 1318 1988 Pl.
1335 1961 1361 1989 6.

552 2013 637 2041 Multi
658 2012 749 2040 adhuc
777 2011 926 2045 dubitant,
953 2020 1021 2037 num
1050 2010 1216 2038 Onchidium
1245 2012 1361 2037 Pet-onii
1383 2017 1414 2036 re
1438 2018 1503 2039 vera
1535 2008 1607 2036 inter
1635 2007 1823 2036 Pneumonica
1845 2005 1881 2034 sit
1909 2003 2088 2033 censendum·
2136 2003 2186 2029 De

520 2061 726 2091 Blainville
745 2060 814 2088 illud
834 2060 907 2086 inter
931 2069 980 2087 sua
1005 2061 1259 2095 Cyclobranchiata
1281 2062 1383 2096 (genus
1402 2057 1541 2092 Feronia)
1560 2057 1673 2090 retulit,
1693 2058 1769 2094 quod
1788 2055 1871 2083 etiam
1892 2053 1978 2081 secuti
1997 2057 2061 2080 sunt
2080 2051 2188 2079 Goltz-

518 2109 593 2136 fuss
605 2129 612 2143 ,
631 2108 678 2144 qui
697 2109 726 2135 in
745 2107 801 2135 suis
821 2107 1092 2135 Anthobranchiatis
1110 2107 1178 2134 illud
1190 2108 1299 2145 posui-t,
1320 2114 1403 2145 atque
1425 2107 1542 2135 Okem'us
1556 2104 1584 2131 in
1603 2113 1677 2132 novo
1696 2111 1795 2140 opere,
1816 2103 1860 2129 cui
1879 2102 1995 2135 titulus,
2016 2102 2186 2138 Allgemeine

520 2157 772 2190 Naturgeschiclzce
783 2155 843 2191 fiir·
857 2154 911 2181 alle
932 2155 1038 2182 Stdnde
1050 2175 1059 2190 ,
1079 2155 1232 2191 stuttgart,
1255 2156 1345 2187 1835„
1367 2155 1413 2182 ubi
1428 2153 1497 2182 illud
1519 2153 1590 2180 inter
1613 2151 1748 2178 Doridem
1768 2155 1851 2186 atque
1866 2151 2013 2186 Aplysiam
2032 2148 2185 2177 collocavit·

521 2204 600 2231 Hanc
624 2203 660 2231 ob
680 2211 790 2230 causam
809 2202 892 2229 etiam
918 2202 1161 2231 Ferussacius
1184 2202 1253 2231 illud
1275 2201 1304 2228 in
1327 2211 1428 2238 genere
1449 2210 1499 2229 suo
1523 2200 1660 2228 Onchidio
1684 2208 1741 2225 non
1760 2197 1881 2234 accepit3
1901 2198 1950 2224 sed
1972 2203 2079 2224 tantum
2102 2205 2185 2222 unam

527 2250 648 2287 speciem
669 2249 753 2286 hujus
772 2250 879 2285 generis
905 2250 1048 2287 descripsit
1070 2251 1234 2279 Onclzia'ium
1257 2258 1358 2286 nempe
1382 2251 1510 2286 Typhae,
1530 2247 1577 2275 ubi
1598 2244 1896 2282 heunaphroditismus
1918 2253 1973 2271 non
1992 2244 2082 2271 locum
2099 2241 2185 2271 hah&

525 2300 589 2328 ret?
626 2296 828 2328 Cuvierius
846 2303 938 2327 tamen
960 2297 1042 2327 ambo
1059 2299 1100 2326 uti
1120 2300 1204 2327 etiam
1218 2301 1338 2334 quatuor
1356 2297 1422 2325 alias
1444 2297 1549 2335 speeies
1568 2295 1595 2322 in
1614 2300 1714 2330 genere
1735 2292 1870 2320 Onclu'dio
1888 2290 2011 2320 rennuit.
