2361 2974
472 219 765 256 aasponsm
798 229 844 252 sn
878 214 1246 260 QUAasr10NEM
1279 204 1626 248 zoo‘LonAm.
1849 217 1889 248 13

248 314 449 349 <resticulus
476 313 552 356 (fig.
575 313 624 345 15.
643 313 708 355 p.)
733 312 852 354 hepate
871 311 1031 342 involutus
1047 314 1108 347 θεὶς
1135 318 1197 339 vas
1225 307 1383 349 deferens
1413 305 1494 348 (fig.
1520 306 1570 338 15.
1598 306 1653 347 q.)
1678 310 1710 337 et
1733 308 1884 339 ovat-ium

218 373 297 414 (fig.
327 372 376 402 15.
402 369 464 412 f.)
501 369 616 400 eodem
646 370 765 405 modo,
807 377 874 409 quo
903 368 936 398 in
976 365 1162 397 Teslacella
1193 374 1259 395 sese
1291 363 1423 395 habent.
1486 361 1663 394 Glandula
1691 366 1886 404 proscatz'ca

219 428 298 470 (fig.
325 428 375 459 15.
392 425 472 467 f'.)
497 435 632 466 granosa
659 429 704 455 est
724 429 755 455 et
773 423 853 455 fusci
872 422 1005 458 coloris,
1030 421 1194 453 oviductui
1218 420 1314 451 affixa
1332 430 1405 451 cum
1426 419 1481 450 illo
1503 419 1657 451 decurrit.

259 484 366 514 Penz's
389 481 462 523 (fig.
486 482 537 513 15.
565 480 617 521 e.)
653 479 800 522 vaginula
831 479 1033 515 continetur,
1071 487 1155 518 quae
1181 477 1214 507 in
1245 477 1409 507 sacculum
1439 485 1643 507 communem
1672 475 1886 517 generationis

219 539 295 580 (fig.
323 539 373 569 15.
397 538 439 578 r.)
465 548 565 579 prope
584 537 653 578 ejus
674 540 856 577 aperturam
878 542 1042 566 externam
1061 533 1224 574 aperitur.
1249 536 1280 562 et
1304 532 1356 563 cui
1382 532 1561 570 musculus,
1584 542 1603 562 a
1626 531 1721 563 dorso
1743 532 1889 562 animalis

218 595 372 635 originem
406 593 531 625 ducens
558 593 714 624 inseritur.
767 592 856 633 Apex
881 591 972 632 penis
1002 599 1071 631 per-
1096 588 1230 619 ductum
1261 588 1445 619 seminalem
1478 588 1644 629 paululum
1670 587 1790 619 flexum
1814 598 1888 619 cum

219 649 373 682 oviductu
401 649 630 680 communicat.
847 641 851 647 “

264 705 451 736 Ovz'cluctus
471 705 539 746 (fig.
557 703 682 744 15.f‘.)
708 703 806 733 habet
829 703 970 733 colorem
991 700 1116 736 album,
1131 704 1228 741 atque
1248 700 1280 731 in
1298 700 1447 742 vaginam
1467 699 1596 738 transit,
1611 709 1696 741 quae
1712 702 1813 731 multo
1835 711 1890 731 an-

220 762 340 802 gustior
358 765 402 791 est
418 782 427 798 ‚
441 764 539 800 atque
556 760 588 790 in
603 759 740 790 sacculo
759 759 931 789 communi
946 758 1187 799 generationis
1209 756 1278 798 (fig.
1295 756 1346 787 15.
1362 756 1405 797 r.)
1418 778 1426 792 ,
1445 755 1582 786 sormam
1601 755 1786 796 elongatam
1803 756 1890 787 exhi-

221 818 325 852 bente,
338 821 368 847 et
384 816 476 857 cujus
489 820 639 857 apertura
653 820 781 846 externa
797 815 963 855 paululum
975 818 1046 854 post
1060 801 1257 843 tentaculum
1277 813 1422 843 dextrum
1436 812 1539 843 minus
1554 812 1658 853 posita
1669 815 1725 848 est,
1741 813 1891 852 aperitur.

263 871 358 903 Parte
380 872 541 912 superiore
568 872 688 902 sacculi
721 871 900 901 communis
931 869 1144 910 generationis
1166 868 1260 909 juxta
1293 868 1498 899 insertionem
1529 868 1665 909 vaginae
1688 867 1811 898 ductus·
1841 880 1897 899 ex·

224 929 389 959 cretorius
413 927 583 959 vesiculae
605 927 674 969 (fig.
694 927 742 958 15.
756 929 809 968 g.)
833 926 989 967 inperitum
1010 929 1102 966 parte
1122 935 1197 955 vcro
1222 923 1371 954 inferiore
1391 933 1484 964 supra
1508 924 1679 964 vaginulae
1696 925 1786 964 penis
1804 935 1898 965 aper·

223 989 345 1019 turam,
370 983 458 1014 duae
471 983 642 1015 vesiculae
666 994 801 1019 caecae,
824 982 926 1012 forma
949 982 1108 1022 simplices
1130 985 1161 1011 et
1181 980 1317 1012 conicae
1343 979 1421 1020 (fig.
1445 978 1495 1009 15.
1517 978 1586 1017 8.),
1611 979 1798 1019 aperiuntur
1823 981 1897 1020 (1).

265 1040 302 1069 In
314 1039 533 1070 Parmae-ella
547 1039 699 1070 palliolo
716 1039 756 1079 (2
771 1038 801 1078 ),
825 1038 865 1069 de
880 1037 972 1079 cujus
989 1042 1146 1068 structura
1168 1037 1291 1068 interna
1317 1035 1363 1066 de
1387 1035 1411 1065 B
1423 1035 1432 1065 l
1444 1035 1512 1066 ain
1524 1035 1627 1066 ville
1652 1034 1898 1077 descriptionem

222 1099 319 1135 atque
338 1095 475 1136 effigiem
497 1095 529 1126 in
551 1105 647 1135 opere
673 1094 914 1125 Ferussacii
941 1094 1048 1130 dedit,
1078 1092 1267 1124 Tesliculus
1293 1091 1371 1133 (fig.
1398 1090 1447 1122 16.
1463 1090 1536 1130 o.).
1560 1090 1654 1121 solito
1678 1101 1766 1123 more
1793 1092 1900 1134 hepati

224 1151 409 1192 impositus,
445 1150 582 1182 formam
610 1150 708 1182 habet
736 1150 1034 1192 semisphaerioam,
1072 1154 1171 1190 atque
1199 1149 1304 1179 multis
1339 1148 1480 1189 granulis
1511 1146 1670 1187 elongatis
1701 1148 1795 1179 valde
1826 1159 1903 1180 con-

225 1207 340 1248 spicuis
361 1212 498 1239 constat.

272 1263 334 1293 Vas
358 1263 519 1304 deferens
542 1263 621 1306 (fig.
645 1263 695 1296 16.
711 1264 744 1296 k.
769 1263 827 1305 k.)
859 1267 904 1295 est
924 1264 1040 1294 ductus
1067 1262 1176 1299 albus,
1203 1260 1417 1304 cylindricus,
1443 1259 1626 1302 frequenter
1658 1260 1849 1301 replicatus,
1872 1272 1904 1293 se

230 1319 354 1350 confert
374 1320 415 1350 ad
433 1321 599 1356 ovarium.
624 1319 681 1351 ubi
703 1320 797 1353 valde
817 1319 854 1351 fit
878 1324 972 1350 tenue
985 1341 993 1356 .
1020 1323 1118 1360 atque
1141 1318 1256 1349 desinit
1278 1318 1312 1348 in
1333 1317 1453 1348 collum
1472 1326 1592 1357 parvae
1614 1316 1773 1348 vesiculae
1791 1322 1906 1348 ovato,-

229 1375 409 1415 elongatae.
436 1374 516 1415 (fig.
541 1375 593 1406 16.
617 1376 682 1415 s'‘.)
728 1376 773 1405 Ex
797 1376 882 1405 collo
903 1376 959 1404 illo
989 1384 1043 1405 vas
1068 1374 1204 1415 amplius
1225 1383 1325 1414 quam
1355 1383 1410 1404 vas
1431 1371 1575 1404 deferens
1600 1371 1722 1408 oritur,
1747 1374 1836 1412 quod
1860 1378 1907 1405 te-

227 1430 293 1460 lam
327 1430 428 1462 ovarii
455 1430 557 1471 ipsam
584 1434 757 1471 penetrare
785 1429 930 1470 videtur,
960 1428 1006 1460 ita
1038 1432 1074 1459 ut
1095 1427 1143 1459 illi
1175 1438 1242 1460 non
1271 1427 1417 1460 dilucide
1445 1428 1554 1459 videre
1583 1424 1776 1468 contigerit,
1810 1438 1851 1460 an
1875 1439 1906 1459 re

228 1495 304 1518 vera
328 1486 362 1516 in
383 1485 573 1516 oviductum
594 1485 752 1515 transiret.

269 1540 410 1572 Ductus
433 1539 609 1572 seminalis
628 1539 709 1581 (fig.
729 1539 778 1571 16.
801 1538 866 1580 ε’.)
892 1538 987 1570 facile
1010 1548 1048 1569 ex
1074 1537 1185 1570 ovario
1218 1537 1393 1579 (testiculo
1424 1536 1638 1579 cuvierii)
1663 1539 1739 1570 oriri
1762 1542 1906 1583 conspici

230 1601 356 1639 poterat
372 1597 432 1637 (Ρ)
457 1596 514 1637 qui
532 1595 795 1637 replicationibus
816 1595 879 1626 suis
904 1595 1113 1636 ligamentum
1135 1594 1277 1636 amplum
1297 1594 1462 1625 oviductui
1481 1594 1611 1624 affixum
1633 1594 1771 1631 format,
1793 1602 1825 1627 et
1850 1599 1906 1638 qui

233 1657 289 1684 aut
301 1652 370 1694 ejus
388 1652 606 1684 contorsiones
627 1651 816 1688 confirmat,
845 1655 901 1681 aut
923 1649 1056 1691 quidem
1077 1649 1252 1691 producit3
1273 1650 1473 1691 longitudine
1487 1660 1543 1681 sua
1566 1660 1640 1681 cum
1660 1651 1813 1692 glandula
1831 1664 1909 1694 pro.

232 1708 346 1739 statica
367 1708 503 1749 granos&
526 1707 689 1739 cohaeret.
735 1707 842 1746 Quum
866 1706 909 1737 ad
929 1710 1054 1747 partem
1081 1706 1275 1738 anteriorem
1304 1705 1476 1739 oviductus
1505 1707 1684 1748 pervenerit
1717 1707 1833 1739 ductus
1851 1720 1904 1739 se·

233 1764 359 1795 minatis
385 1764 478 1795 valde
501 1764 621 1801 tenuis,
645 1763 714 1794 basi
734 1763 826 1804 penis
843 1766 1048 1800 recurvatur,
1073 1772 1130 1804 per
1151 1763 1233 1794 illud
1261 1772 1427 1805 organon,
1455 1763 1508 1795 cui
1534 1762 1598 1795 tela
1621 1762 1774 1796 celtulosa
1797 1765 1908 1796 affixus

236 1824 300 1857 est,
326 1820 506 1861 procurrit.
531 1824 629 1862 atque
650 1820 683 1851 in
704 1818 774 1861 ejus
797 1819 1029 1851 extremitatem
1050 1823 1210 1861 penetrat.

278 1877 388 1909 Penz's
418 1875 497 1917 (fig.
517 1876 568 1909 16.
587 1876 661 1918 ρ’.)
686 1877 787 1907 multo
813 1875 919 1917 major
942 1880 988 1907 est
1011 1886 1109 1917 quam
1138 1876 1171 1908 in
1198 1873 1418 1908 Par-macella
1443 1874 1616 1914 Οῖίυίενίί,
1643 1880 1740 1918 atque
1763 1879 1909 1909 sacculus

236 1942 372 1975 parvus,
396 1941 463 1973 quo
484 1933 681 1964 extremitate
704 1932 910 1969 terminatur,
930 1933 1030 1963 multo
1053 1933 1168 1964 minor.

285 1988 446 2021 Ovarz'um
463 1988 542 2031 (fig.
567 1989 616 2020 16.
640 1988 696 2030 s.)
731 1990 826 2022 valde
856 1999 1009 2031 magnum
1042 1993 1140 2030 atque
1169 1988 1245 2022 flavi
1273 1988 1410 2029 coloris.
1434 1992 1561 2020 constat
1589 1998 1606 2020 e
1636 1989 1741 2022 multis
1771 1990 1909 2032 globulis

241 2045 464 2082 condensatis,
488 2055 554 2077 non
584 2049 690 2077 tamen
710 2050 903 2077 structuram
925 2055 1097 2086 granosam
1117 2044 1223 2078 offert.

287 2100 473 2132 Oviductus
495 2101 574 2143 (fig.
596 2101 647 2133 16.
667 2101 711 2134 k'.
731 2101 797 2143 k‘.)
822 2106 867 2132 est
891 2101 984 2133 valde
1016 2101 1140 2143 amplus
1175 2106 1273 2143 atque
1305 2101 1515 2143 gelatinosu5‚
1549 2101 1654 2133 multis
1681 2103 1816 2135 sacculis
1846 2103 1908 2134 sive

244 2157 499 2190 contorsionibus
523 2159 712 2196 instructus.
737 2159 794 2200 qui
819 2158 949 2190 formari
971 2157 1118 2190 videntur
1141 2162 1231 2200 parte
1252 2158 1373 2200 plicata
1394 2158 1508 2190 ductus
1528 2157 1696 2189 seminatis.

1853 2216 1909 2246 Ve-

280 2290 338 2324 (ι)
353 2289 496 2318 vesiculae
517 2291 581 2320 illae
599 2301 661 2319 cum
688 2293 812 2321 vesiculis
833 2293 978 2321 multitidis
996 2292 1097 2320 uelicis
1117 2293 1269 2331 comparari
1289 2295 1412 2330 possum.

281 2339 336 2374 (2)
353 2339 542 2368 Pap-macellus
560 2340 709 2371 Palliolum
725 2342 906 2372 Ferussac
918 2361 926 2377 ,
944 2340 1042 2380 Suppl,
1069 2342 1083 2369 a
1099 2341 1124 2370 la
1145 2342 1209 2373 sam.
1225 2342 1273 2371 des
1292 2342 1413 2370 Limaces
1425 2361 1433 2376 ,
1451 2350 1515 2379 pag.
1529 2343 1563 2379 96
1576 2345 1603 2370 θ.
1631 2339 1663 2368 ΡΙ
1687 2350 1700 2375 7
1719 2341 1748 2368 A«
1765 2370 1767 2375 ,
