2361 2974
663 272 700 302 N.
715 271 751 302 N.

724 394 731 411 ψ

733 394 742 410 s

745 407 752 415 ο

710 555 748 590 *5-
710 398 750 525 ὕπο»Χ

663 620 698 646 μ.

527 664 704 696 (,ε.ν,”Δ.Δ.

679 730 705 749 e.

711 619 748 749 503³?

716 775 749 805 ,Q

653 837 691 864 ῐ.)

706 837 746 917 32⁴¹?

453 1916 484 1945 Fi
490 1927 517 1955 g,
543 1915 595 1947 43.

708 2001 741 2022 a·

584 2056 747 2142 flfifi}

717 2166 746 2188 e.

715 2211 747 2242 le.

717 2277 752 2309 q·

715 2333 745 2353 7⁶·

732 2381 755 2412 τ’.

964 174 1275 212 TABULARUM
1319 172 1645 211 EXPLICATIO.

798 272 918 303 Ductus
947 270 1251 303 communicationis
1286 270 1466 303 testiculum
1503 269 1596 302 intei-
1622 274 1652 301 et
1683 270 1867 305 vesiculam.
1904 272 2004 316 (Pars
2029 275 2145 309 ductus

833 326 1025 367 seminalis.)

797 381 959 414 Vesicula.

794 438 870 480 Ejus
891 438 1008 469 ductus
1028 438 1235 470 excretorius.

795 493 951 525 Saeculus
974 494 1189 534 generationis
1217 504 1414 536 organorum
1436 495 1697 527 masculinorum.

794 549 870 591 Ejus
894 550 1041 580 saecutus
1061 551 1213 584 anterior.

792 606 933 645 Ductus,
954 606 1010 647 qui
1033 606 1068 637 in
1090 609 1222 639 sacculo
1243 605 1317 649 (ψ)
1346 606 1496 648 aperitur.
1534 605 1633 647 (Pars
1661 605 1778 637 ductus
1797 608 1989 650 seminalis.)

793 660 948 702 Organon
968 662 1058 703 quod
1078 662 1111 694 in
1136 664 1238 695 altero
1264 663 1395 695 sacculo
1422 662 1538 693 bursae
1560 660 1622 703 (c)
1644 661 1795 702 aperitur.

793 717 874 759 Ejus
905 718 1068 760 appendix
1090 720 1276 751 vascutaris.

817 786 834 805 «
903 783 1005 804 massa
1029 773 1185 815 elliptica.

812 843 828 861 «
902 830 1038 869 ductus,
1060 830 1093 861 in
1114 840 1212 871 quem
1235 831 1365 861 aculeus
1386 830 1554 863 invenitur.

794 886 901 918 Locus
920 885 975 916 ubi
1001 886 1132 916 aculeus
1150 885 1202 916 ille
1228 886 1348 927 positus
1371 890 1419 916 cst
1441 886 1474 917 in
1497 887 1610 918 ductu.

826 985 983 1017 Saeculus
1013 994 1210 1025 organorum
1245 984 1496 1016 masculinorum
1536 983 1697 1016 Onckz'de'z'
1721 984 1866 1015 peronii
1888 989 2015 1025 apertus
2046 989 2144 1026 atque

869 1045 978 1082 partes
1014 1039 1182 1070 amborum
1214 1039 1371 1071 ductuum
1388 1062 1396 1078 ,
1429 1040 1485 1081 qui
1509 1041 1542 1072 in
1562 1041 1618 1072 illo
1641 1040 1837 1082 aperiuntur.
1876 1038 1953 1080 (Cu
1966 1041 2052 1071 vier
2075 1042 2093 1070 Ι.
2121 1043 2145 1071 Ι,

863 1097 929 1139 Fig.
953 1096 1006 1138 8,)

792 1166 913 1197 Ductus
929 1189 937 1205 ,
960 1166 1017 1207 qui
1040 1165 1072 1196 in
1093 1166 1225 1197 sacculo
1250 1166 1409 1197 anteriore
1433 1166 1506 1207 (φ)
1531 1167 1685 1208 aperitur.

797 1221 1030 1256 Tuberculum,
1056 1230 1200 1261 quocum
1224 1221 1256 1252 in
1276 1223 1409 1254 sacculo
1432 1222 1586 1263 aperitur.

737 1297 746 1307 .
790 1275 932 1314 Ductus,
957 1275 1014 1317 qui
1034 1275 1066 1306 in
1090 1275 1192 1306 altero
1214 1278 1347 1308 sacculo
1369 1277 1521 1319 aperitur.

793 1331 871 1362 Pars
891 1331 961 1373 ejus
981 1341 1104 1362 massae
1123 1331 1286 1374 ellipticae
1307 1333 1458 1365 abscissa.

797 1386 874 1427 Ejus
892 1388 1031 1424 duem,
1056 1388 1113 1428 qui
1135 1390 1287 1420 aculeum
1313 1390 1470 1420 continet.

790 1441 931 1470 Aculeus
950 1442 1094 1479 pendens
1113 1449 1130 1469 e
1152 1442 1256 1469 ductu
1276 1442 1341 1469 hoc
1359 1442 1435 1468 loco
1463 1442 1588 1478 aperto.

793 1493 889 1526 Glans
900 1502 1045 1535 quacum
1064 1493 1098 1524 in
1121 1494 1254 1526 sacculo
1274 1492 1429 1536 aperitur.

808 1591 1032 1624 Omlzz'clcum
1053 1593 1211 1625 Per-omi.
1247 1592 1423 1635 (Cuvier
1447 1592 1469 1621 l.
1489 1592 1510 1623 Ι,
1546 1592 1611 1634 Fjg.
1636 1594 1691 1635 3.)

791 1661 964 1693 Orificium
986 1673 1182 1703 organorum
1205 1662 1427 1694 femineorum.

794 1717 929 1756 finiens,
964 1718 1021 1760 qui
1044 1717 1085 1749 ab
1109 1718 1235 1750 orificio
1257 1718 1313 1749 illo
1336 1718 1510 1760 procurrit.

1117 1831 1336 1863 TABULA
1387 1831 1481 1865 VII.

827 1915 957 1958 Organa
977 1916 1194 1958 generationis
1213 1916 1404 1949 Planorbz's
1428 1918 1562 1952 cornei,
1589 1915 1808 1957 magnitudine
1832 1922 1940 1948 aucta.

787 1986 972 2024 Testiculus.

794 2046 858 2079 Vas
879 2046 1035 2077 deferens.

789 2099 910 2132 Ductus
931 2102 1101 2134 seminalis.

792 2155 952 2188 Glandula
970 2157 1155 2199 prostatica.

792 2210 896 2243 Penis.

793 2265 871 2308 Ejus
898 2269 1059 2301 musculus
1075 2268 1293 2301 retractorius.

811 2336 827 2354 «
975 2339 1010 2362 «A
1077 2325 1120 2358 ad
1141 2324 1358 2359 evolutionem
1377 2324 1557 2359 inserviens.

798 2379 963 2414 Ovarium.
2015 2382 2053 2424 j.
2059 2385 2095 2426 j.
2099 2386 2134 2427 j.
