2361 2974
786 108 798 118 Q

470 208 762 241 RESPONSIO
800 220 847 240 Λυ
882 209 1242 248 QUAESTIONEM
1278 200 1627 243 ZOGLOGICAM.
1837 213 1878 243 25

219 316 233 333 «
254 298 626 331 roient-ils-e'i-la—fois
651 300 831 331 excreteurs
854 303 885 329 et
907 299 1109 332 se'creteurs?
1154 302 1182 332 le
1214 301 1311 332 fluide
1335 301 1429 342 qu'ils
1464 302 1669 332 contienuent
1692 303 1793 331 est-il
1823 302 1874 331 se-

215 369 231 387 «
251 357 328 397 pare
360 365 417 396 par
449 355 479 385 la
507 355 676 385 substance
708 355 749 384 de
781 356 862 384 leurs
892 356 1025 394 parois?
1068 360 1168 386 est-ce
1191 357 1221 387 11¹1
1246 358 1274 388 la
1299 359 1383 389 vraie
1416 367 1586 395 semence,
1620 363 1650 387 et
1680 368 1737 398 par
1760 360 1874 388 couse-

214 426 229 443 «
249 416 348 452 quent
379 421 431 442 ces
462 410 620 441 vaisseaux
643 411 783 440 sont-ils
805 410 847 439 les
867 410 951 439 vrais
974 409 1187 441 testicules?''
1215 413 1226 452 (
1245 424 1252 443 ι
1270 413 1281 452 )
1328 413 1364 443 ln
1400 412 1585 443 Testacella
1607 418 1704 453 atque
1726 413 1871 443 Parnm-

214 465 299 496 cella
323 466 419 496 etiam
445 466 610 496 matricem
635 465 679 495 uti
704 464 746 494 ad
771 464 950 493 testiculum
974 465 1180 504 pertinentem
1214 467 1402 508 descripsit,
1440 473 1537 509 atque
1567 469 1655 498 illam
1690 479 1750 498 vas
1777 471 1872 498 lesti-

212 520 283 548 ‹eula'
313 522 455 558 vocavit,
493 521 583 561 quod
605 521 636 551 in
663 521 794 551 saecuto
819 519 981 551 communi
1005 520 1218 558 generationis
1245 523 1406 562 aperitur;
1433 529 1529 565 atque
1553 525 1647 566 igitur
1669 534 1791 564 sperma
1816 535 1872 564 per

210 575 286 604 illud
320 575 456 615 primum
486 577 518 606 in
550 577 715 606 sacculum
751 584 952 605 communem
986 576 1216 614 generationis,
1250 578 1367 608 deinde
1395 589 1469 609 vero
1502 581 1534 610 in
1559 591 1673 620 penem
1708 580 1870 619 pervenire

210 629 339 658 deberet
366 630 406 669 (2
421 631 443 666 ).
490 632 525 662 ln
551 631 768 662 Parmaceila
789 636 895 660 tamen
918 630 997 660 dicit
1018 641 1117 669 parvo
1141 631 1242 660 ductu
1267 633 1387 672 plicato
1411 635 1734 664 communicationem
1761 634 1869 664 adesse

210 695 322 723 penem
346 686 429 715 inter
456 687 553 726 alque
586 688 775 717 testiculum.
822 686 857 715 ln
883 685 995 714 Helice
1018 691 1115 725 atquc
1144 685 1272 714 limace
1295 696 1331 715 ex
1360 691 1450 726 parte
1480 688 1705 728 lougitudinali
1736 696 1868 729 angusta

207 745 304 780 atque
336 750 469 779 granosa
492 741 625 771 testiculi
652 740 843 780 (glandula
858 742 1078 781 proslalt'ca)
1103 739 1203 769 oritur
1224 749 1277 768 vas
1306 740 1451 771 deferens
1477 742 1623 781 (ductas
1645 745 1870 787 seminalis),

207 795 294 833 quod
320 794 362 824 ad
395 805 508 835 penem
538 796 710 826 confertur.
756 796 984 826 Dilatationem
1019 795 1108 824 illam
1139 794 1339 834 sphaericam
1372 796 1487 827 ductus
1521 798 1679 829 seminalis
1700 800 1731 830 in
1770 801 1867 841 Lym-

209 860 295 879 παρα
321 850 479 890 slagnali
506 852 601 881 etiam
631 851 778 882 inservire
800 854 891 890 putat
921 849 962 879 ad
978 859 1102 889 sperma
1131 850 1348 890 colligendum

246 905 288 934 De
320 914 401 945 pene
431 915 539 936 omnes
565 906 629 936 fere
655 907 823 947 scriptores
853 906 1047 936 conveniunt
1079 909 1175 943 atque
1204 904 1301 945 igitur
1330 906 1390 937 liae
1419 907 1459 938 de
1490 919 1523 938 re
1550 920 1703 951 inagnum
1734 912 1867 947 dubium

203 962 333 992 existere
357 963 481 1002 nequit.
526 961 562 991 In
589 961 755 992 Onchz‘dto
776 961 877 1001 solum
903 960 1050 990 dubitare
1076 969 1261 1000 possumus,
1287 965 1385 1001 atque
1408 963 1452 993 ihi
1478 963 1702 995 Cuvierius
1732 978 1870 1008 sequen-

201 1017 243 1046 tia
268 1016 387 1046 habet:
423 1028 439 1045 ιι
459 1016 527 1054 Que
550 1026 661 1056 penser
682 1017 880 1046 maintenant
904 1016 959 1046 des
984 1016 1143 1046 fonctions
1165 1016 1205 1046 de
1233 1027 1286 1047 ces
1310 1017 1394 1047 deux
1415 1021 1576 1059 organes?
1603 1019 1680 1060 (fig.
1702 1020 1754 1052 40.
1779 1036 1813 1061 μ.
1831 1037 1866 1062 μ.

200 1082 217 1100 «
237 1075 266 1098 et
291 1081 318 1099 e.
339 1070 371 1099 d.
397 1076 436 1102 Δ.
453 1070 513 1110 D.)
561 1071 591 1099 la
615 1071 723 1111 pointe
744 1072 799 1111 qui
824 1072 954 1102 termine
973 1072 1001 1102 lc
1015 1082 1088 1112 gros
1110 1073 1250 1102 vaisseau
1275 1071 1329 1112 (Δ.
1343 1071 1394 1113 D.)
1409 1096 1416 1109 ,
1443 1081 1487 1106 est
1510 1086 1581 1107 sans
1593 1077 1691 1106 doute
1703 1077 1732 1107 la
1755 1087 1867 1118 verge3

199 1138 217 1156 «
237 1126 316 1154 mais
340 1126 443 1165 qu'est
468 1126 550 1155 alors
573 1127 651 1156 celle
678 1126 721 1156 du
742 1128 819 1167 petit
849 1129 900 1166 (μ.
919 1127 970 1168 μ.)
987 1127 1002 1157 ’2
1038 1137 1080 1157 ou
1104 1128 1248 1158 l'animal
1273 1129 1418 1159 auroit-il
1438 1130 1521 1160 deux
1551 1140 1658 1171 verges
1682 1142 1806 1163 comme
1830 1145 1869 1164 cn

198 1193 214 1210 «
235 1184 290 1209 ont
312 1181 413 1220 parmi
445 1180 488 1210 les
509 1182 657 1211 animaux
681 1181 698 1211 ὲ
719 1192 797 1222 sang
821 1192 940 1222 rouge,
963 1182 1135 1223 beaucoup
1157 1183 1197 1212 de
1219 1182 1345 1213 lezards
1364 1188 1394 1214 et
1417 1185 1457 1216 de
1480 1196 1608 1227 serpens
1632 1186 1698 1228 (3)
1716 1188 1760 1217 ?'’

242 1234 357 1273 Ruga,
385 1244 482 1274 quam
515 1236 547 1265 in
577 1247 660 1276 pene
697 1237 843 1266 limacis
881 1240 1008 1268 cinerei
1036 1238 1291 1276 observavimus,
1327 1241 1474 1273 inservire
1504 1243 1602 1279 dicit,
1638 1247 1671 1273 ut
1709 1244 1798 1285 penis
1831 1244 1863 1276 in

199 1290 382 1319 evolutione
407 1292 545 1332 amplior
567 1291 635 1322 ficri
657 1293 753 1332 possit
779 1292 821 1332 (4
837 1292 860 1329 ).

243 1344 285 1373 De
309 1345 500 1383 vesiculae,
526 1347 616 1387 quod
645 1357 789 1386 organon
814 1347 909 1377 etiam
942 1347 985 1377 ita
1009 1350 1158 1386 vocavit,
1193 1351 1357 1383 functione
1378 1355 1543 1394 sequentia
1566 1354 1664 1386 hahet
1690 1357 1721 1386 in
1744 1357 1864 1388 descri-

198 1399 306 1438 ptione
330 1403 509 1428 structurae
537 1400 674 1430 Hele'cc‘s
697 1405 727 1430 et
752 1401 898 1429 limacis
915 1411 925 1428 .·
973 1416 988 1433 «
1009 1402 1034 1431 11
1063 1402 1131 1432 saut
1153 1404 1227 1435 bien
1249 1417 1313 1447 que
1333 1414 1383 1439 cet
1417 1419 1537 1448 organe
1559 1421 1622 1449 que
1649 1410 1712 1449 j'ai
1735 1413 1861 1440 nomm&

197 1466 208 1483 (ι
234 1456 340 1482 vessie
365 1454 408 1482 ait
430 1454 571 1492 quelque
595 1454 740 1483 fonction
762 1455 954 1488 essentielle.
973 1456 1123 1493 puisqu'il
1140 1468 1180 1487 nc
1200 1469 1341 1498 marique
1370 1462 1388 1491 ἐι
1411 1472 1517 1493 aucun
1539 1463 1594 1493 des
1620 1467 1870 1506 gasle7·opode.s=

192 1520 207 1537 «
231 1517 294 1546 que
317 1506 377 1547 j'ai
406 1506 525 1536 decrits
552 1505 726 1548 jusqu'ici3
750 1507 828 1536 mais
859 1506 991 1547 j'avoue
1019 1517 1083 1547 que
1109 1507 1253 1549 j'ignore
1296 1513 1503 1545 entierement
1535 1518 1641 1557 quelle
1669 1521 1728 1550 elle
1757 1527 1820 1559 est,
1851 1524 1869 1553 ὲ

194 1577 209 1593 «
229 1565 330 1593 moins
351 1563 468 1603 qu‘elle
489 1572 529 1592 ne
555 1563 690 1592 consiste
714 1564 732 1593 a
757 1562 878 1592 foui-nir
899 1562 929 1591 la
951 1561 1085 1592 matierc
1105 1574 1221 1605 propre
1239 1566 1258 1596 a
1284 1568 1416 1600 enduire
1435 1570 1478 1600 les
1502 1572 1590 1602 oeuss
1611 1579 1641 1604 et
1664 1575 1680 1604 ἐι
1711 1577 1779 1607 leur
1800 1578 1866 1608 for-

192 1632 206 1649 «
228 1629 294 1647 mer
316 1629 377 1648 une
407 1618 615 1660 ent-eloppeff’
664 1617 704 1647 Et
732 1618 831 1658 paulo
857 1622 929 1658 post
959 1617 1000 1647 de
1023 1620 1229 1658 copulatione
1257 1623 1452 1654 mentionem
1485 1625 1625 1663 faciem,
1661 1630 1706 1660 ita
1737 1634 1860 1674 pergit:

195 1688 210 1704 «
232 1673 338 1711 Quant
363 1675 381 1704 ἐι
403 1676 432 1705 la
455 1686 566 1717 verge,
590 1675 611 1705 il
630 1678 674 1704 est
699 1673 855 1714 probable
876 1673 992 1713 qu'elle
1011 1673 1142 1713 penetre
1165 1675 1245 1706 dans
1268 1677 1296 1707 le
1328 1680 1422 1710 canal
1453 1680 1493 1712 de'
1515 1683 1544 1713 la
1567 1686 1722 1723 matrice,
1748 1699 1788 1718 ou
1817 1700 1859 1720 au

192 1743 207 1762 «
228 1730 328 1759 moins
357 1731 499 1760 vis-ii-vis
522 1731 562 1761 de
592 1741 647 1760 son
672 1731 751 1759 issue
782 1729 862 1759 dans
888 1729 971 1760 celui
994 1730 1085 1761 dela
1110 1732 1215 1762 vessie.
1261 1732 1317 1764 Ses
1351 1742 1501 1777 rapports
1527 1739 1567 1770 de
1592 1741 1748 1784 longueur
1778 1757 1856 1780 avec

193 1798 208 1815 «
229 1785 256 1814 le
280 1786 374 1816 canat
398 1786 438 1816 de
467 1788 496 1817 la
522 1788 617 1817 vessie
647 1785 713 1827 (5)
739 1785 839 1814 m’out
871 1784 927 1814 fait
958 1796 1161 1827 soupconner
1193 1789 1342 1820 autrefois
1368 1802 1431 1832 que
1464 1795 1541 1825 c'est
1577 1807 1615 1827 ce
1647 1799 1772 1832 dernier
1802 1806 1858 1844 qui

190 1854 205 1873 «
224 1846 269 1870 est
305 1841 473 1883 destinelz'i
501 1843 531 1873 la
561 1843 715 1873 recevoir.
769 1841 818 1872 On
848 1840 887 1872 ne
921 1843 1064 1882 pourroit
1098 1843 1222 1875 verifier
1254 1850 1339 1877 cette
1366 1849 1553 1891 conjecture
1577 1854 1673 1894 qu’en
1706 1859 1855 1889 mutilant

1745 1928 1758 1943 «
1780 1924 1857 1945 HVCC

221 1976 271 2010 (1)
297 1976 323 2002 Si
337 1975 404 2002 illud
424 1977 460 2004 ita
478 1984 568 2011 esset,
589 1977 690 2004 animal
708 1975 776 2003 illud
789 1977 857 2002 uluos
878 1975 995 2002 haberet
1012 1975 1166 2010 testiculos,
1187 1988 1273 2007 unum
1292 1980 1319 2008 in
1339 1984 1493 2017 anteriore,
1513 1984 1631 2013 alterum
1651 1986 1679 2014 in
1697 1990 1852 2025 posteriorc

189 2021 310 2057 eorporis
328 2027 407 2058 parte
425 2025 554 2059 positum,
590 2026 655 2054 Vid,
677 2026 710 2051 de
735 2025 779 2051 illa
800 2030 938 2052 structura
957 2034 1041 2061 supra
1058 2035 1119 2062 pag.
1136 2035 1175 2061 ¹9.

222 2070 276 2101 (2)
296 2069 361 2097 vid.
382 2069 415 2095 de
434 2071 479 2097 illa
498 2078 635 2099 structura
654 2081 736 2107 supra
754 2080 835 2108 μιν.

226 2118 271 2150 (3)
291 2117 353 2144 vid.
373 2128 456 2153 supra
476 2129 501 2156 p.
520 2130 556 2156 ¹9·

221 2164 275 2197 (4)
296 2164 372 2201 Ruga
394 2171 485 2192 tamen
514 2166 559 2193 illa
586 2176 640 2193 nou
670 2167 804 2194 formatur
823 2167 970 2204 plicatione
987 2168 1080 2204 penis,
1111 2171 1160 2197 sed
1183 2176 1225 2198 est
1243 2181 1311 2208 ruga
1337 2172 1383 2200 vel
1413 2173 1494 2201 crista
1522 2176 1700 2204 membranae
1726 2178 1850 2206 internae

189 2211 267 2247 penis
290 2212 427 2246 innitens,
449 2219 532 2250 atque
554 2214 635 2250 igitur
656 2216 733 2251 penis
757 2215 829 2241 illins
850 2224 903 2251 ope
927 2215 1089 2252 amplificari
1111 2219 1216 2254 nequit.

220 2261 278 2293 (5)
298 2259 346 2286 llla
371 2262 560 2288 convenientia
585 2262 762 2298 long‘turlinis
788 2263 865 2299 penis
889 2269 971 2299 atque
995 2265 1093 2292 ductus
1116 2268 1260 2294 excretorii
1285 2269 1420 2297 vesiculae
1456 2280 1512 2298 nou
1542 2280 1652 2309 semper
1682 2272 1771 2300 locuni
1800 2273 1849 2299 lm·

184 2306 246 2340 het,
266 2307 305 2334 uti
329 2308 355 2334 in
376 2310 489 2337 Limnen
507 2311 630 2344 cino-ea,
654 2312 789 2347 ,Vaginulo
803 2333 811 2344 ,
832 2312 979 2341 Planorbe.

1168 2364 1191 2393 D
