2361 2974
545 235 588 266 24.
1073 228 1671 268 'M.C.VERLOREN.·

916 550 1252 596 PA‘RS'
1321 551 1837 598 ALTERA.

604 674 824 705 DIVERSAE
853 672 1171 701 RECENTIORUM
1199 674 1480 702 SCRIPTORUM
1509 675 1562 702 DE
1590 675 1784 702 ORGANIS
1811 673 2140 703 GENERATIONIS

631 721 958 751 nOLLUSCORUM
985 720 1401 750 GASTEROPODORUM
1428 723 1806 752 PNEUMOMCORUM
1831 722 2115 752 SENTENTIA&

1314 859 1345 901 g.
1398 859 1426 892 ι.

1079 965 1359 1002 CUVIERII
1399 973 1660 1003 sssurznrn.

533 1083 786 1140 Recentiorum
802 1129 809 1143 ,
835 1107 893 1148 qui
919 1110 992 1149 post
1018 1103 1221 1146 praeclarum
1243 1103 1726 1140 Swammerdammium.
1759 1103 1888 1134 saeculo
1917 1102 1983 1135 fere
2008 1106 2209 1147 praeterlap-

532 1176 588 1202 so,
614 1173 718 1195 rursus
743 1161 828 1193 hanc
851 1162 1017 1194 scientiam
1048 1160 1155 1192 colere
1186 1160 1398 1202 inceperunt,
1434 1159 1555 1201 primus
1586 1157 1646 1189 fuit
1678 1157 1926 1197 Cuvierius,
1959 1159 2053 1201 cujus
2082 1166 2210 1193 senteu-

532 1224 574 1252 tia
600 1221 662 1251 hac
686 1219 727 1250 de
754 1227 788 1248 re
812 1216 875 1248 huc
905 1218 989 1248 redit
1014 1216 1096 1258 (1).

573 1276 730 1316 Organon
745 1297 753 1311 ,
778 1273 868 1314 quod
888 1282 1013 1313 semper
1037 1271 1070 1302 in
1093 1270 1205 1300 ultima
1228 1270 1374 1312 corporis
1399 1273 1492 1311 parte
1514 1267 1630 1309 hepate
1660 1268 1839 1300 involutum
1863 1269 2041 1307 invenitur.
2066 1275 2097 1301 et
2119 1272 2210 1312 quod

529 1330 712 1361 testiculum
734 1329 934 1364 vocavimus,
963 1329 1077 1359 ovarc'i
1093 1336 1217 1367 semper
1235 1326 1366 1356 nomine
1390 1323 1588 1365 designavit,
1614 1327 1713 1364 atque
1740 1324 1840 1365 igitur
1863 1326 1958 1356 etiam
1981 1326 2050 1367 ejus
2076 1327 2209 1359 ductum

531 1385 745 1416 excretorium
771 1385 856 1425 (vas
880 1382 1061 1424 deserens)
1085 1382 1148 1422 (2)
1163 1403 1171 1417 ‚
1200 1381 1291 1421 quod
1310 1379 1492 1411 testiculum
1515 1378 1647 1414 transit,
1673 1379 1865 1408 oviductum
1883 1381 2022 1410 vocavit.
2069 1382 2104 1411 In
2130 1382 2208 1413 Tes-

532 1439 677 1471 tae-ellae
701 1443 799 1476 atque
823 1436 1061 1466 Parmae-ellae
1089 1435 1305 1472 descriptione
1326 1434 1405 1464 nihil
1430 1433 1567 1471 amplius
1592 1432 1672 1462 dicit
1695 1433 1736 1463 de
1760 1434 1887 1472 organis
1921 1434 2082 1474 femineis,
2107 1447 2208 1477 quum

531 1498 666 1527 ductum
679 1516 687 1528 ,
713 1500 808 1532 quem
823 1490 855 1520 in
870 1489 1004 1520 caeteris
1019 1492 1192 1518 matrccem
1214 1488 1278 1519 sive
1293 1491 1425 1518 uterum
1439 1484 1588 1522 vocavit,
1611 1484 1644 1515 in
1666 1483 1713 1515 his
1725 1486 1770 1515 uti
1790 1485 1832 1515 ad
1854 1487 2033 1520 testiculum
2046 1493 2208 1532 pertinen-

531 1556 596 1581 tem
616 1545 828 1587 descripserit.
860 1543 898 1573 In
924 1542 1093 1573 Onclez'dz'o
1114 1554 1188 1574 vero
1210 1543 1397 1579 oviductus‚
1421 1545 1593 1582 postquam
1609 1541 1780 1571 nonnullas
1805 1542 2022 1574 contorsiones
2048 1556 2105 1586 per
2119 1550 2206 1578 testi-

531 1606 641 1636 culum
663 1602 762 1636 fecit,
786 1598 891 1640 pergit
913 1597 1016 1629 ductu
1040 1598 1097 1640 fig.
1117 1599 1172 1630 40.
1197 1598 1237 1628 Μ.
1258 1597 1301 1628 Μ.
1317 1618 1325 1632 ,
1351 1598 1407 1637 qui
1429 1602 1557 1628 externe
1576 1595 1739 1637 aperitur,
1762 1595 1952 1634 instructus,
1978 1604 2010 1630 et
2031 1611 2088 1642 per
2111 1612 2207 1642 quem

531 1671 593 1691 ova
617 1659 833 1699 deponuntur.
878 1653 916 1684 ln
944 1653 1098 1690 ffimace,
1125 1653 1263 1690 Helice,
1288 1651 1463 1692 Lymnaea
1497 1655 1594 1690 atque
1619 1649 1792 1682 Planorbe
1818 1652 2006 1686 oviductum
2025 1656 2057 1687 in
2089 1660 2208 1689 maeri-

531 1726 602 1747 cem
628 1710 868 1753 (oviductum)
896 1710 1028 1741 transire
1055 1710 1155 1744 dicit,
1181 1708 1222 1738 de
1244 1706 1338 1748 cujus
1359 1707 1525 1739 functione
1546 1708 1711 1748 sequentia
1738 1705 1824 1736 hisce
1852 1707 1954 1738 verbis
1983 1710 2204 1745 inveniuntur:

532 1785 547 1802 α
568 1770 593 1799 ΙΙ
619 1773 664 1799 est
685 1766 841 1808 probable
874 1777 939 1807 que
970 1767 1015 1796 les
1038 1763 1128 1795 oeufs
1155 1767 1227 1793 sont
1257 1764 1437 1805 impr-egnes
1467 1764 1546 1794 d'un
1570 1762 1669 1793 fluide
1692 1762 1797 1793 sourni
1826 1774 1885 1804 par
1909 1765 1952 1794 les
1983 1767 2091 1806 parois
2114 1768 2154 1800 de
2175 1770 2206 1800 la

532 1839 547 1857 «
568 1823 723 1856 matrice.
747 1825 777 1851 et
802 1822 896 1863 qu'ils
919 1826 1076 1863 prennent
1103 1830 1240 1862 presque
1267 1824 1337 1851 tout
1360 1821 1428 1850 leur
1455 1820 1582 1851 volume
1608 1817 1690 1848 dans
1711 1828 1749 1848 ce
1769 1819 1912 1855 viscere,
1936 1823 1967 1850 et
1995 1821 2086 1861 apres
2118 1824 2207 1854 avoir

534 1895 550 1913 α
571 1878 707 1910 traverse
748 1877 973 1909 l'oviductus.”
1031 1875 1235 1909 Testz'culum
1266 1876 1321 1906 illa
1362 1885 1484 1917 organa
1526 1873 1672 1909 vocavit,
1714 1884 1799 1914 quae
1835 1885 1893 1905 nos
1926 1867 2068 1906 ovarium
2107 1882 2205 1918 atque

532 1935 719 1979 glandulam
750 1935 958 1975 prostaticam
981 1933 1227 1965 nominavimus,
1271 1931 1309 1962 ln
1333 1929 1497 1962 Onchz'dio
1528 1927 1625 1969 igitur
1648 1938 1793 1970 organon
1813 1931 1825 1971 (
1844 1930 1900 1971 fig.
1923 1930 1975 1962 40.
2007 1942 2036 1962 ο.
2054 1932 2088 1971 ),
2113 1934 2203 1974 quod

531 1994 613 2023 inter
640 1998 761 2030 organa
786 1988 925 2019 feminea
950 1991 1129 2024 invenitur.
1154 1988 1335 2019 testiculum
1367 1985 1513 2021 vocavit,
1537 1995 1555 2015 e
1576 1994 1642 2025 quo
1666 1994 1720 2016 vas
1746 1984 1783 2016 N.
1802 1985 1842 2016 N.
1866 1985 1967 2016 oritur
1982 2007 1990 2023 ,
2015 1988 2124 2028 quod,
2159 1991 2203 2020 uti

534 2048 632 2082 dicit,
666 2045 991 2076 communicationem
1012 2046 1147 2076 instituit
1168 2044 1350 2075 testiculum
1374 2043 1457 2073 inter
1478 2044 1577 2081 atque
1603 2041 1785 2072 vesiculam.

577 2102 707 2142 Organa
728 2111 801 2131 vero
823 2100 959 2131 feminea
982 2111 998 2130 a
1024 2102 1208 2131 masculinis
1231 2100 1363 2131 omnino
1387 2102 1459 2129 sunt
1483 2100 1650 2138 separata3
1674 2097 1706 2127 in
1730 2095 1856 2136 organis
1878 2097 2063 2129 masculinis
2087 2099 2206 2131 descri-

533 2158 647 2189 bendis
676 2157 839 2196 sequentia
860 2156 957 2198 igitur
979 2155 1080 2187 dicit:
1127 2170 1142 2188 ‹<
1171 2156 1240 2195 Que
1260 2165 1373 2197 penset
1383 2153 1580 2184 maintenant
1601 2153 1656 2184 des
1684 2149 1844 2181 fonctions
1863 2150 1904 2181 de
1926 2162 1978 2182 ces
2001 2153 2084 2183 deux
2107 2165 2202 2195 orga-

534 2228 549 2246 α
569 2213 648 2244 nes?
680 2211 762 2252 (fig.
786 2211 840 2244 40.
863 2225 898 2251 μ.
920 2224 957 2251 μ.
980 2216 1011 2243 et
1035 2222 1062 2243 e.
1085 2211 1119 2245 d.
1144 2217 1185 2244 Δ.
1207 2211 1271 2252 D.)
1296 2233 1304 2241 .
1320 2231 1329 2242 .
1345 2233 1354 2242 .
1370 2229 1380 2240 .
1397 2230 1476 2242 ....
1512 2208 1575 2240 Ces
1599 2208 1683 2241 deux
1719 2209 1810 2249 longs
1834 2206 1994 2239 vaisseaux
2031 2218 2125 2239 creux
2157 2219 2204 2240 se.

2046 2277 2061 2296 «
2081 2270 2202 2295 roient-

563 2349 572 2381 (
587 2347 615 2379 ι)
635 2345 709 2371 Arm.
727 2343 763 2369 du
780 2344 853 2372 Mus.
871 2344 952 2371 Toni.
963 2344 997 2372 V.
1016 2354 1042 2381 p.
1056 2348 1104 2378 47,
1128 2347 1172 2375 141
1189 2349 1217 2371 et
1229 2346 1287 2376 [14⁰-
1305 2357 1340 2365 —
1357 2343 1436 2372 Tom.
1449 2342 1514 2373 vn.
1533 2352 1561 2379 p.
1579 2343 1626 2370 165
1642 2346 1670 2369 et
1689 2351 1746 2378 ¹9¹·

566 2395 620 2430 (2)
642 2394 721 2427 Quae
740 2391 777 2418 ita
794 2390 869 2418 uncis
892 2396 957 2418 sunt
978 2391 1099 2425 inclusa,
1119 2390 1232 2419 nomina
1253 2389 1429 2428 significant,
1449 2399 1464 2417 a
1485 2389 1562 2417 nobis
1587 2389 1662 2417 hisce
1685 2387 1794 2424 organis
1815 2387 1884 2413 data.
