2361 2974
449 256 743 288 nesponsm
777 267 823 288 Aa
858 255 1228 295 QUAEsrmNEn
1265 250 1622 295 zoo'LoercAir.
1829 266 1869 294 423

199 350 305 381 nium
337 352 368 378 et
392 346 619 379 Malloi-um
643 348 735 389 (1),
761 357 903 388 quacum
925 357 985 378 ova
1015 348 1199 386 albumine,
1225 353 1303 381 testa
1328 357 1383 382 aut
1413 352 1534 394 glutine
1557 351 1793 393 obtegerentur.

239 404 360 434 Contra
388 402 562 433 Trevira
575 404 612 433 ni
635 403 843 439 sententiam,
869 402 1006 433 vesicam
1028 413 1093 435 esse
1113 405 1307 441 urinariam,
1336 406 1406 447 jam
1439 411 1530 436 antea
1557 406 1589 437 id
1614 419 1757 450 pugnare
1780 411 1861 441 vidi-

194 469 285 494 mus,
311 457 402 498 quod
427 458 696 494 communicatio,
721 467 819 498 quam
845 457 1099 490 Treviranus
1122 460 1306 501 descripsit,
1331 470 1421 490 renes
1449 461 1530 490 inter
1550 466 1580 491 et
1605 463 1774 494 vesiculam
1795 475 1859 496 non

192 514 304 544 existat
329 511 410 553 (2).
455 513 625 545 Praeterea
652 514 750 544 etiam
774 513 939 545 observavi
970 513 1141 544 vesiculam
1166 514 1253 544 illam
1275 515 1367 544 simul
1392 526 1465 546 curn
1493 518 1620 557 organis
1650 520 1863 559 generationis

195 568 305 610 augeri
321 572 420 607 atque
439 567 645 605 decrescere,
670 573 701 599 et
720 569 752 599 in
774 567 945 599 individuis
962 569 1107 599 nondum
1126 580 1253 611 prorsus
1275 570 1410 608 adultis,
1435 571 1489 602 ubi
1517 577 1622 603 tamen
1636 575 1742 604 omnia
1767 584 1864 615 orga-

195 635 257 661 na,
291 627 416 664 praeter
438 624 493 654 illa
515 623 747 665 generationis,
774 633 860 664 quae
882 622 990 654 adhuc
1013 629 1103 655 erant
1124 635 1244 665 parva,
1277 631 1345 656 tota
1373 626 1445 667 jam
1479 632 1569 657 erant
1601 630 1728 659 evoluta
1766 634 1863 670 atque

194 680 292 718 igitur
311 679 407 709 etiam
431 688 538 715 renes,
563 679 698 709 vesicula
718 683 784 709 tarn
807 680 921 720 exigua
938 683 1027 714 erat,
1051 683 1086 709 ut
1110 679 1174 709 fere
1195 690 1261 710 non
1286 682 1445 712 observari
1466 686 1587 723 posset;
1612 684 1636 713 si
1663 684 1759 724 igitur
1788 685 1869 713 vesi·

193 738 268 769 cula
292 738 345 768 illa
365 738 442 767 esset
461 733 564 764 vesica
582 733 743 771 urinaria,
767 744 867 777 quare
889 739 966 766 tunc
996 745 1062 766 non
1092 734 1183 764 simul
1215 745 1289 766 cum
1319 736 1465 773 renibus,
1503 748 1611 768 verum
1640 748 1713 768 cum
1739 739 1867 779 organis

194 791 407 834 generationis
427 787 624 818 evolveretur
635 788 651 819 ἱ)

235 846 355 877 Contra
385 844 517 874 alteram
548 845 761 882 sententiam,
797 856 859 888 pro
892 855 958 887 qua
993 851 1139 887 pugnant
1185 846 1421 879 observationes
1476 847 1700 883 Prevostii‚
1735 848 1767 878 id
1804 848 1868 878 dici

191 906 314 943 potest.
339 900 483 932 ovariurn
506 905 579 942 post
604 902 843 943 copulationem
864 902 898 933 in
921 901 988 931 dies
1020 902 1151 942 augeri,
1187 902 1277 942 quod
1310 913 1375 934 non
1409 905 1571 945 explicare
1605 913 1788 945 possumus,
1812 904 1868 934 nisi

193 966 389 988 assumamus
430 955 714 989 foecundationem
752 959 857 989 statim
895 960 967 997 post
1000 957 1240 997 copulationem
1274 958 1383 988 locum
1421 958 1550 989 habere.
1606 958 1868 988 Convenientiam

192 1015 281 1044 illam
312 1023 386 1044 cum
422 1013 555 1043 sacculo
578 1012 776 1054 copulatrice
802 1011 928 1054 (poche
961 1011 1195 1053 copulatrice)
1230 1012 1445 1051 insectorum.
1472 1024 1571 1055 quam
1595 1013 1868 1053 Deshayesius

192 1069 303 1105 affert.
327 1077 445 1109 negare
467 1077 534 1098 non
552 1078 739 1108 possumus3
765 1067 820 1097 sed
844 1068 876 1098 in
894 1067 941 1097 his
962 1067 1153 1099 animalibus
1177 1067 1250 1109 jam
1277 1073 1352 1099 ante
1384 1070 1626 1111 copulationem
1653 1077 1712 1097 ova
1744 1079 1870 1108 prorsus

189 1125 318 1156 evoluta
339 1124 466 1155 adsunt.
511 1123 680 1154 Praeterea
699 1124 796 1154 ctiam
817 1133 931 1164 rogare
967 1133 1154 1163 possumus,
1178 1134 1279 1165 quare
1316 1125 1397 1156 illud
1430 1126 1463 1156 in
1486 1124 1624 1155 Limane
1650 1125 1781 1154 cinereo
1803 1136 1868 1156 non

189 1183 298 1212 locum
321 1179 475 1215 liaberet,
509 1183 628 1219 atque,
661 1189 762 1220 quare
790 1177 931 1209 vesicula
974 1178 1030 1209 illa
1064 1179 1194 1210 omnino
1217 1188 1297 1220 opus
1320 1184 1419 1216 essct,
1452 1190 1553 1222 quum
1572 1179 1667 1210 etiam
1691 1179 1867 1210 secundum

191 1235 450 1268 Prevostium
476 1233 685 1264 foecundati«,
706 1234 740 1265 in
761 1233 915 1264 oviduclu
938 1233 1045 1264 locum
1064 1233 1182 1264 habere
1206 1234 1340 1275 posset?

235 1290 353 1331 Quoad
380 1290 505 1320 tertiam
537 1289 727 1320 sententiam
760 1289 1082 1320 animadvertendum
1119 1295 1186 1327 est,
1220 1300 1287 1322 non
1316 1290 1457 1321 omnium
1486 1290 1778 1322 Pneumonicorum
1801 1302 1861 1323 ova

189 1353 269 1380 testa
292 1345 512 1381 circumdari,
537 1345 583 1376 uti
610 1344 763 1375 Lz‘macz's
792 1346 938 1381 cinerei,
972 1343 1181 1383 Planorbis,
1215 1346 1407 1388 Lymnaeae
1420 1356 1433 1384 ;
1468 1356 1526 1387 pro
1557 1344 1749 1378 formatione
1772 1346 1866 1377 albu-

191 1404 284 1434 minis
307 1408 414 1432 tamen
440 1404 562 1440 pugnat
594 1409 712 1439 eorpus
730 1399 868 1440 spirale,
899 1410 937 1429 ex
962 1399 1123 1430 albumine
1149 1401 1322 1432 incressato
1350 1402 1542 1438 formatum,
1568 1401 1658 1442 quod
1682 1402 1812 1432 Carus
1833 1403 1865 1434 in

190 1460 291 1490 ductu
313 1454 491 1488 excretorio
522 1455 680 1485 vesiculae
704 1454 739 1485 in
772 1453 944 1484 Heliczbus
973 1454 1104 1485 invenit.
1150 1455 1254 1486 Etiam
1282 1456 1316 1487 in
1353 1454 1487 1487 caeteris
1513 1454 1704 1486 animalibus
1722 1466 1867 1498 organon

190 1515 257 1544 tale
272 1511 455 1554 peculiare,
480 1508 523 1539 ad
545 1506 714 1539 albuminis
732 1507 942 1538 secretionem
964 1507 1153 1544 inserviens,
1178 1517 1243 1538 non
1263 1508 1442 1545 invenitur3
1465 1508 1520 1538 sed
1544 1509 1585 1539 ab
1606 1510 1679 1550 ipsis
1699 1512 1867 1544 oviductus

191 1568 383 1602 membranis
401 1565 597 1600 secernitur,
622 1563 712 1604 quod
731 1563 828 1593 etiam
851 1564 883 1594 in
902 1564 1127 1596 Pneumonicis
1151 1564 1259 1595 locum
1291 1562 1411 1595 habere
1443 1564 1588 1602 videtur,
1613 1575 1714 1606 quum
1746 1568 1778 1598 in
1797 1568 1864 1599 He-

191 1626 311 1657 lie—ibus
331 1624 364 1654 in
387 1623 491 1653 media
513 1621 683 1653 oviduetus
706 1623 796 1660 parte
817 1629 878 1650 ova
896 1619 968 1661 jam
1002 1621 1088 1651 tenui
1119 1625 1199 1651 testa
1221 1619 1424 1651 circumdata
1458 1620 1630 1652 invenerim
1645 1645 1655 1661 ,
1681 1628 1778 1664 atque
1807 1625 1867 1666 igi-

192 1689 244 1713 tur
268 1683 302 1712 in
322 1680 423 1722 prima
446 1678 616 1710 oviductus
638 1680 729 1716 parte
746 1675 818 1717 jam
840 1675 1002 1707 albumine
1028 1681 1119 1708 erant
1144 1676 1358 1707 circumdata.

245 1737 453 1768 Functionem
492 1733 586 1775 hujus
623 1733 735 1773 organi
770 1733 867 1774 igitur
910 1732 1071 1773 explicare
1107 1732 1298 1773 perdifficile
1341 1737 1405 1768 est.
1443 1742 1528 1773 quae
1559 1733 1734 1765 difficultas
1767 1736 1865 1766 etiam

193 1795 326 1829 crescit,
351 1802 451 1832 quum
486 1791 519 1820 in
554 1788 668 1820 Helice
696 1789 911 1819 arbustorum
944 1789 1144 1820 observemus
1164 1813 1172 1826 ‚
1208 1789 1283 1821 huic
1314 1799 1437 1830 organo
1469 1789 1557 1819 aliud
1590 1791 1688 1822 etiam
1722 1792 1866 1823 nondum

194 1853 404 1882 memoratum
427 1845 622 1884 adhaerere,
646 1844 738 1886 cujus
758 1845 957 1877 functionem
982 1846 1071 1877 nullo
1093 1846 1192 1877 modo
1210 1846 1363 1888 suspicari
1382 1855 1557 1886 possumuS.

1779 1939 1809 1978 §-
1836 1939 1867 1969 3.

232 2023 287 2057 (ι)
313 2020 451 2047 muller
472 2018 620 2047 vesiculam
638 2018 710 2045 inter
733 2018 877 2055 glandulas
893 2024 1058 2052 enumerat,
1079 2027 1150 2055 quae
1172 2017 1325 2047 inserviunt
1350 2017 1385 2044 ad
1409 2016 1539 2045 albumen
1566 2022 1613 2044 aut
1636 2022 1733 2045 testam
1753 2027 1867 2046 ovorum

198 2068 404 2097 secernendum.
444 2067 485 2092 De
499 2066 594 2100 gland.
613 2074 714 2092 secem.
733 2070 871 2093 structura
889 2069 973 2102 penit.
987 2087 995 2099 ,
1014 2076 1043 2103 p.
1062 2070 1104 2099 44.

232 2118 289 2152 (a)
306 2115 371 2144 vid.
394 2115 478 2151 hujus
496 2113 568 2149 disq.
590 2122 651 2151 pag.
671 2114 712 2142 36.
737 2118 802 2139 nota
822 2116 847 2145 4.

1156 2356 1222 2387 1³2
