2361 2974
471 201 509 232 16
1007 193 1046 226 M.
1091 187 1573 227 QVERLOREN.

475 296 583 329 vatum
614 289 729 320 ductus
756 297 871 329 nempe
900 283 1094 317 excretorius
1116 282 1272 314 vesiculae
1299 281 1465 322 paululum
1500 284 1675 322 antequam
1706 280 1737 312 in
1774 278 1920 322 vaginam
1942 286 2086 321 penetrat
2110 282 2141 314 in

477 350 559 379 duos
580 346 697 377 ductus
724 355 756 376 se
778 343 892 374 dividit
916 341 993 382 (fig.
1013 341 1066 372 27.
1092 337 1143 379 ε.)
1161 360 1170 377 ,
1192 347 1330 379 quorum
1355 338 1408 368 ille
1429 336 1505 378 (fig.
1526 337 1579 368 27.
1593 336 1660 377 m.)
1684 337 1727 367 ad
1745 337 1917 368 vesiculam
1944 336 2017 378 (fig.
2027 338 2079 370 27.
2096 337 2140 378 l.)

475 404 597 441 tendit3
622 402 674 432 hic
696 400 775 441 (fig.
798 400 851 431 27.
877 397 936 438 u.)
965 406 1054 432 vero,
1079 395 1154 426 satis
1182 395 1325 435 amplus,
1346 393 1441 434 juxta
1477 392 1666 424 oviductum
1692 403 1900 433 procurrens,
1935 402 2036 433 prope
2067 403 2144 425 ova-

474 461 555 491 rium
577 457 691 489 desinit
705 479 713 493 ,
737 455 849 496 ibique
867 453 1041 485 clauditur.
1086 450 1272 482 Membrana
1298 449 1479 480 tenuissima
1502 448 1594 481 valde
1624 449 1697 479 laxa
1725 448 1803 489 (fig.
1826 449 1879 481 27.
1903 447 1959 488 r.)
1986 457 2060 478 cum
2078 449 2146 479 ovi.

473 516 573 546 ductu
601 512 773 548 cohaeret,
804 521 862 552 per
882 519 981 551 quam
1004 508 1105 539 multa
1139 507 1291 542 vascula,
1321 515 1415 546 saepe
1447 505 1647 536 dextrorsum
1679 510 1710 535 et
1739 505 1948 535 sinistrorsum
1973 504 2145 535 convoluta

474 583 491 602 a
517 571 615 601 ductu
643 568 686 599 ad
712 567 900 599 oviductum
929 568 1133 607 procurrunt.
1178 563 1238 594 Illa
1270 572 1391 603 organa
1423 561 1550 592 vascula
1572 561 1825 602 appellavimus,
1849 570 1890 591 an
1912 569 1988 591 vero
2016 569 2048 590 re
2073 569 2145 590 vera

475 628 535 657 sint
569 625 698 657 vascula
729 623 888 655 affirmare
920 623 986 653 n'on
1018 620 1187 658 audemus;
1225 618 1454 650 convolutione
1483 619 1545 658 sua}
1576 618 1672 649 oculo
1698 616 1787 647 nudo
1819 620 1984 656 tamquam
2017 616 2145 647 vascula

476 683 549 713 satis
576 681 682 722 ampla
709 680 887 722 prodeunt;
912 688 1017 721 aequo
1042 677 1116 719 jure
1144 682 1251 707 tamen
1277 675 1331 705 illa
1355 684 1475 714 organa
1505 684 1564 715 pro
1588 673 1746 714 glandulis
1774 671 1894 702 habere
1916 680 2085 712 possemus.

522 738 664 778 Utroque
687 736 823 777 vaginae
852 736 948 765 latere
977 735 1009 764 in
1033 733 1164 764 sacculo
1193 730 1355 762 communi
1382 728 1593 770 generationis
1615 726 1788 758 vesiculae
1811 726 2001 767 multifidae
2024 726 2150 758 duobus

473 794 624 824 ductibus
655 793 858 834 aperiuntur,
896 799 980 831 quae
1015 789 1046 819 in
1074 788 1201 819 diversis
1237 786 1353 816 Helicis
1387 784 1553 826 speciebus
1583 784 1717 813 multum
1751 783 1912 814 differunt.
1965 783 2002 814 In
2034 782 2147 813 Helice

469 852 624 892 pomate'a
643 846 893 889 frequentissime
910 844 1097 875 dividuntur
1118 842 1199 885 (fig.
1225 842 1274 874 19.
1294 842 1321 872 ὁ.
1342 842 1408 882 (1.),
1433 841 1519 871 unde
1546 840 1641 869 etiam
1663 849 1780 869 nomen
1810 849 1901 870 suum
1929 843 2123 879 acceperunt
2137 861 2145 874 ,

473 917 572 948 quum
602 911 709 936 tamen
732 904 765 935 in
798 901 932 934 caeteris
956 900 1142 942 speciebus,
1181 899 1354 941 praecipue
1383 897 1415 928 in
1450 895 1565 927 Helice
1601 894 1850 933 arbustorum,
1866 905 1985 926 nomen
2007 895 2087 926 illud
2111 895 2147 924 iis

473 964 575 993 minus
602 959 783 992 conveniat.
815 957 968 988 Numerus
999 957 1110 986 harum
1135 955 1346 987 vesicularum
1368 954 1401 984 in
1425 951 1551 983 Helice
1569 954 1724 993 pomalc'a
1749 952 1884 982 multum
1910 951 2040 988 differt,
2064 961 2148 982 nun-

473 1029 571 1060 quam
594 1023 702 1049 tamen
720 1015 859 1057 quisque
879 1013 996 1043 ductus
1014 1012 1116 1042 minus
1134 1022 1233 1052 quam
1267 1011 1300 1042 in
1330 1010 1373 1042 20
1391 1009 1544 1041 vesiculas
1568 1008 1735 1044 dividitur;
1762 1017 1926 1048 unamque
1948 1007 2046 1037 etiam
2070 1016 2147 1047 ape-

473 1076 541 1113 rui,
565 1073 620 1106 ubi
638 1074 709 1115 plus
729 1081 828 1113 quam
849 1069 892 1100 60
910 1078 1042 1100 numero
1068 1067 1328 1105 inveniebantur-5
1353 1066 1476 1097 ratione
1505 1064 1629 1096 numeri
1658 1068 1764 1094 tamen
1793 1062 1993 1104 longitudine
2023 1062 2149 1093 decres-

474 1135 563 1162 cunt.
608 1129 645 1160 In
665 1126 783 1160 Helice
806 1125 962 1156 hortensi
978 1125 1167 1166 plerumque
1186 1125 1219 1155 in
1232 1125 1270 1160 5,
1296 1124 1328 1156 in
1346 1122 1472 1154 Helice
1493 1131 1568 1153 vero
1594 1118 1763 1151 nemorali
1777 1118 1810 1149 in
1830 1119 1851 1149 3
1871 1119 1973 1149 solum
1995 1118 2147 1150 vesiculas

470 1187 540 1228 (fig.
561 1185 613 1217 29.
639 1184 667 1215 ὂ.
687 1183 730 1224 ὂ.)
755 1181 959 1218 dividuntur,
985 1181 1063 1211 dum
1085 1179 1225 1221 denique
1248 1180 1280 1211 in
1303 1178 1426 1210 Helice
1455 1177 1670 1208 arbustorum
1697 1185 1762 1206 non
1785 1174 1921 1216 amplius
1940 1174 2148 1210 dividuntur,

472 1253 581 1275 verum
605 1245 729 1273 tantum
747 1243 819 1270 sunt
840 1238 1000 1279 simplices
1027 1236 1096 1277 (fig.
1114 1237 1167 1268 27.
1190 1235 1247 1275 b.).
1293 1235 1362 1266 Hoc
1384 1235 1459 1265 loeo
1480 1232 1572 1265 valde
1594 1232 1771 1273 elongatae.
1785 1234 1883 1271 atque
1903 1231 1977 1261 satis
1993 1240 2146 1272 magnae,

472 1299 657 1330 membrana
676 1296 764 1328 tenui
787 1293 998 1336 aliquomodo
1015 1292 1244 1332 cartilaginosa
1267 1290 1442 1329 formatae,
1464 1288 1680 1322 inveniuntur.
1724 1286 1891 1319 Vesiculae
1916 1287 1990 1318 illac
2019 1286 2151 1318 multifi-

477 1358 537 1386 dae
561 1355 719 1395 liquorem
740 1352 871 1387 album,
896 1350 1046 1383 densum,
1072 1356 1243 1388 granosum
1266 1347 1441 1376 continent.
1737 1377 1740 1380 Ι

516 1407 684 1441 sacculus
704 1407 824 1437 hastae
846 1405 1033 1437 amatoriae
1062 1402 1131 1443 (fig.
1150 1402 1202 1434 27.
1224 1405 1247 1432 t.
1263 1423 1271 1437 ,
1301 1399 1356 1441 fig.
1375 1399 1427 1431 20.
1448 1411 1495 1436 c.‚
1521 1399 1578 1440 fig.
1601 1398 1700 1438 30.)‚
1725 1398 1781 1439 qui
1807 1399 1841 1430 in
1864 1397 1999 1438 vaginae
2022 1397 2148 1428 orificio

476 1466 614 1508 aperitur
641 1463 718 1504 (fig.
739 1459 873 1501 20.f.),
898 1459 1034 1488 formam
1057 1456 1270 1497 cylindricam
1287 1454 1434 1485 obtusam
1455 1453 1600 1490 exhibet,
1626 1457 1723 1493 atque
1745 1452 1870 1483 duabus
1900 1457 2026 1484 constat
2050 1463 2149 1484 mem·

475 1521 602 1557 branis,
637 1517 793 1549 exteriore
826 1514 921 1546 valde
953 1513 1051 1544 densa
1093 1515 1190 1551 atque
1224 1511 1472 1551 cartilaginosa,
1509 1509 1625 1540 coloris
1654 1508 1755 1539 albidi
1789 1510 2033 1540 coerulescentis
2069 1510 2147 1551 (fig.

478 1578 527 1609 30.
550 1588 581 1608 a.
603 1575 682 1613 a.),
714 1572 865 1605 interiore
901 1579 976 1602 vero
1011 1568 1098 1600 tenui
1131 1571 1230 1608 atque
1264 1567 1346 1608 nigri
1378 1566 1494 1597 coloris
1528 1565 1605 1606 (fig.
1626 1564 1679 1596 30.
1705 1565 1733 1596 b.
1757 1564 1824 1605 b.).
1876 1564 1965 1596 Intus
1996 1566 2028 1595 in
2061 1571 2150 1606 parte

476 1633 667 1675 posteriore,
692 1629 747 1660 ubi
769 1627 837 1668 ejus
857 1625 1044 1657 membrana
1066 1622 1160 1656 valde
1177 1627 1221 1654 est
1240 1622 1361 1658 densa,
1385 1623 1506 1664 papilla
1531 1620 1607 1662 (fig.
1630 1619 1683 1652 20.
1702 1620 1758 1661 d.)
1798 1621 1975 1657 invenitur,
2001 1627 2150 1652 constans

481 1701 517 1720 ex
543 1685 714 1720 eminentia
742 1685 860 1725 plana,
887 1681 1046 1717 rotunda,
1083 1679 1257 1721 parietibus
1284 1679 1432 1710 convexis
1464 1678 1648 1717 cinereique
1687 1677 1802 1707 coloris
1832 1676 1911 1717 (fig.
1933 1677 1984 1707 33.
2013 1688 2045 1707 α.
2064 1675 2149 1716 m).

479 1746 531 1776 cui
557 1752 671 1784 corpus
699 1740 893 1775 coniforrne,
929 1739 1076 1779 nigrum,
1117 1735 1193 1777 (fig.
1217 1736 1270 1766 33.
1296 1735 1347 1776 ὂ.)
1381 1734 1556 1766 substantia
1591 1732 1749 1774 glutinosa
1779 1731 1856 1773 (fig.
1878 1733 1930 1764 33.
1953 1744 1980 1764 c.
2005 1734 2056 1769 ο.)
2091 1733 2150 1763 ob·

480 1802 632 1835 ductum,
657 1797 838 1838 impositum
865 1799 921 1825 est.
966 1793 1089 1825 Hasta
1111 1795 1280 1822 amatoria
1318 1791 1396 1833 (fig.
1415 1790 1490 1831 31.)
1525 1794 1570 1821 est
1599 1798 1716 1829 eorpus
1743 1798 1917 1825 corneum,
1954 1789 2150 1829 quadratum

483 1856 562 1898 (fig.
583 1854 662 1895 32.)
688 1858 787 1894 atque
809 1855 1054 1888 mucronatum,
1087 1848 1262 1890 parietibus
1294 1847 1444 1879 concavis
1476 1850 1573 1886 atque
1607 1844 1781 1875 substantia
1808 1845 2018 1886 aliquomodo
2054 1847 2150 1876 carti-

481 1913 642 1954 laginosa,
668 1908 832 1952 pellucida
860 1906 937 1948 (fig.
954 1906 1007 1937 31.
1034 1905 1061 1936 b.
1080 1905 1130 1944 b.)
1165 1904 1412 1936 circumdatum.
1466 1903 1541 1944 Ejus
1571 1902 1672 1938 basis,
1703 1901 1836 1931 lamellis
1861 1901 1943 1943 (fig.
1965 1903 2017 1934 31.
2039 1904 2074 1935 d.
2090 1904 2145 1943 d.)

483 1970 672 2010 plerumque
701 1965 741 1997 18
773 1966 949 1999 instructa,
984 1962 1155 1994 cavitatem
1196 1961 1406 1992 conitormem
1442 1959 1519 2001 (fig.
1550 1958 1600 1989 31.
1621 1960 1672 1997 e.)
1705 1957 1852 1996 exhibet,
1884 1959 1917 1989 in
1949 1969 2047 2000 quam
2080 1971 2151 2001 pars

482 2023 665 2055 coniformis
698 2021 839 2063 papillae
867 2019 1039 2055 convenit,
1076 2018 1152 2049 dum
1186 2018 1318 2049 lamellis
1350 2020 1439 2058 pai-te
1475 2015 1592 2056 planae
1624 2013 1762 2055 papillae
1791 2013 1886 2045 affixa
1909 2019 1965 2046 est.
2011 2016 2150 2054 Quando

481 2082 570 2111 hasta
601 2090 618 2109 a
648 2079 768 2121 papilla
799 2075 998 2112 detrahitur,
1023 2075 1168 2106 lamellae
1197 2074 1270 2105 illae
1296 2074 1483 2115 plerumque
1511 2071 1538 2102 ei
1573 2070 1668 2101 affixa
1699 2075 1839 2102 manent.
1896 2072 2006 2102 Mucro
2041 2071 2149 2102 hastae

484 2135 659 2167 amatoriae
684 2133 818 2165 Helz'ce's
837 2135 1010 2174 pomati'ae
1033 2136 1063 2162 et
1087 2131 1257 2161 hortensis
1286 2128 1452 2170 paululum
1474 2131 1623 2158 curvatus
1641 2130 1705 2163 est;
1730 2126 1820 2159 hasta
1843 2137 1915 2158 vero
1942 2127 2068 2159 Helie-is
2093 2139 2150 2158 ar-

483 2193 658 2223 bustorum
685 2189 763 2231 (fig.
784 2189 836 2220 28.
853 2190 864 2230 )
879 2212 887 2225 ,
914 2188 1004 2220 valde
1036 2187 1157 2219 diversa
1182 2185 1223 2216 ab
1246 2185 1299 2216 illa
1333 2189 1532 2215 caeterorum
1558 2183 1758 2224 specierum,
1781 2183 1882 2214 basim
1915 2183 2012 2214 habet
2034 2189 2148 2214 rotun-

484 2248 558 2279 dam
577 2271 584 2285 ‚
616 2255 801 2278 mucronem
840 2255 914 2277 vero
957 2244 1059 2275 forma
1089 2242 1256 2284 spatulae,
1288 2241 1380 2281 apice
1415 2244 1522 2272 acuto.
1579 2238 1614 2270 Si
1644 2238 1733 2270 hasta
1767 2240 1821 2270 illa
1862 2250 1938 2271 casu
1966 2239 2146 2274 ceciderat,

2063 2294 2153 2335 quod
