2361 2974
487 184 525 215 lli
1042 175 1608 216 M.C.VERLOREN‚

538 272 691 305 Vesz'cula
715 272 729 313 (
742 271 799 314 fig.
824 272 862 304 16
883 276 913 302 et
936 270 983 302 17.
1003 269 1064 310 p.)
1087 273 1132 299 est
1159 269 1307 300 sacculus
1337 269 1431 300 valde
1458 270 1588 311 longuS,
1625 272 1716 311 parte
1748 267 1924 310 posteriore
1952 277 2158 306 muci-otiatus

488 334 586 372 atque
609 329 777 361 oviductui
804 327 866 359 tela
887 324 1040 358 cellulosa
1069 328 1159 356 arcte
1183 324 1320 364 affixus;
1343 335 1419 367 pars
1448 324 1519 367 ejus
1541 325 1699 367 posterior
1726 330 1772 356 est
1794 325 1888 357 valde
1915 326 2155 364 membranosa.

487 387 627 418 anterior
649 396 742 423 vero,
767 392 852 425 quae
875 381 1086 423 aliquomodo
1113 381 1248 413 ductum
1267 381 1406 419 format,
1437 382 1574 424 parietes
1595 381 1693 413 habet
1711 383 1813 423 magis
1834 382 1949 413 densos
1967 387 2063 423 atque
2084 395 2160 426 ape.

485 444 568 474 ritur
589 444 621 473 in
649 441 750 473 duct-u
774 439 887 480 organi
915 438 1058 475 feminei,
1082 438 1146 470 sive
1168 437 1275 479 potius
1301 440 1336 470 in
1359 434 1475 470 cl‘o'aca
1499 443 1554 470 aut
1583 438 1716 469 sacculo
1748 437 1910 469 communi
1934 438 2157 479 generationis.

483 500 573 530 Intus
594 499 627 530 in
654 498 709 528 illa
743 496 792 527 de
823 494 1055 527 Blainville
1085 503 1202 535 corpus
1229 495 1434 536 elongatum,
1463 495 1662 527 extremitate
1688 498 1913 526 mucronatum
1941 493 2156 526 subcorneum

484 555 603 587 invenit
625 558 726 595 atque
747 551 922 595 parietibus
943 560 1009 582 non
1032 549 1221 583 adhaerens.
1246 550 1326 593 (fig.
1347 550 1397 583 17.
1416 550 1494 593 ρ’.)

524 610 742 652 Appendices
773 607 906 640 sacculi
947 609 1132 637 communis
1160 609 1398 649 generationi-s·
1427 597 1620 649 (vesiculae
1657 605 1845 646 multifidae
1874 605 2044 646 Helz'ez's),
2079 616 2160 647 quas

477 666 702 697 Crivierius
729 665 908 697 observavit
933 664 965 694 in
996 662 1219 696 Parmacella
1252 664 1423 704 Olz'vz'erz'e'‚
1453 673 1519 695 non
1548 663 1677 696 invenit.
1722 662 1942 695 Parmae-ella
1970 661 2157 693 Palliolum

478 732 622 764 organon
644 721 724 754 illud
747 725 833 754 certe
853 731 919 753 non
943 719 1094 761 possidet.

1268 823 1299 864 g.
1346 822 1379 853 5.

1116 930 1318 964 HELIX.
1361 928 1508 973 (Lam.)

1070 1008 1159 1051 (rig.
1187 1008 1346 1046 18—33,
1371 1008 1414 1040 36
1435 1013 1467 1040 et
1488 1007 1565 1048 37.)

516 1128 645 1167 Organa
671 1120 885 1165 generationis
912 1120 1029 1152 Helicis
1063 1119 1211 1151 omnibus
1243 1119 1317 1152 huic
1355 1120 1412 1152 fini
1445 1120 1610 1152 destinatis
1640 1120 1768 1162 organis
1799 1120 1934 1151 aliorum
1968 1119 2152 1151 animalium

470 1181 628 1215 structura
654 1180 710 1211 sua
732 1177 959 1219 compositiore
977 1178 1154 1213 excellunt.
1179 1180 1278 1217 atque
1307 1176 1392 1209 hanc
1415 1176 1458 1208 ob
1489 1187 1619 1208 causam
1654 1177 1779 1207 illorum
1811 1176 1991 1218 exploratio
2010 1176 2154 1217 perdiffi-

470 1241 540 1272 cilis
566 1242 623 1270 est.
678 1236 806 1266 Praeter
839 1234 924 1266 enim
952 1244 1074 1275 organa
1104 1232 1176 1274 jam
1207 1238 1386 1265 memorata
1426 1232 1565 1265 vesicula
1600 1232 1762 1274 quaedam
1791 1232 1998 1268 observatur,
2033 1241 2150 1271 corpus

471 1297 653 1330 hastatum,
678 1291 802 1323 hastam
834 1290 1024 1322 amatoriam
1056 1287 1325 1332 (lz‘esdepijlqy'e)
1360 1289 1504 1327 dictum,
1528 1289 1716 1326 nominem,
1740 1298 1839 1330 porro
1862 1288 2020 1321 vesiculae
2042 1287 2151 1318 multi-

471 1352 577 1387 fidae,
609 1357 695 1390 quae
722 1349 818 1379 etiam
852 1346 1061 1389 probabiliter
1089 1346 1123 1376 in
1153 1344 1374 1376 Par-macella
1406 1345 1564 1375 Olz'vz‘erz'c'
1593 1348 1691 1384 atque
1724 1343 1890 1384 Vaginulo
1920 1343 2145 1378 inveniuntur,

472 1407 591 1439 deinde
614 1414 760 1446 organon
778 1413 854 1434 cum
876 1402 978 1434 ductu
1005 1401 1183 1434 excretorio
1211 1399 1370 1432 vesiculae
1398 1400 1597 1436 cohaerens,
1620 1399 1711 1440 quod
1741 1400 1830 1431 nullo
1863 1399 1938 1430 loco
1962 1397 2150 1430 adhucdum

471 1466 682 1495 memoratum
701 1459 817 1490 inveni.

518 1517 706 1551 Testiculus
732 1514 810 1556 (fig.
832 1513 885 1546 27.
911 1511 969 1553 a.)
1003 1511 1037 1543 in
1064 1509 1184 1542 ultimis
1206 1508 1362 1542 cochleae
1390 1508 1673 1541 convolutionibus
1691 1508 1820 1551 {positus
1848 1514 1916 1548 est,
1949 1508 2047 1541 habet
2082 1510 2148 1541 for.

472 1587 557 1608 mam
577 1570 856 1614 semisphaericam
878 1569 1081 1610 elongatam,
1106 1566 1199 1608 cujus
1227 1566 1312 1597 latus
1344 1566 1477 1607 planum
1491 1587 1501 1602 ‚
1524 1564 1580 1596 ubi
1611 1575 1666 1597 vas
1699 1565 1845 1597 deferens
1873 1576 1891 1596 e
1912 1565 2048 1596 vasculis
2071 1565 2151 1597 effe.

471 1632 612 1664 rentibus
634 1629 754 1663 oritur,
783 1630 897 1658 eontra
929 1629 1053 1667 partem
1081 1623 1241 1654 internam
1267 1621 1503 1654 convolutionis
1533 1620 1687 1653 cochleae
1709 1621 1849 1663 positum
1879 1626 1945 1659 est;
1970 1622 2052 1652 latus
2074 1633 2150 1653 vero

471 1689 674 1733 sphaericum
699 1690 827 1717 externe
849 1671 973 1715 versum
992 1681 1109 1722 hepate
1130 1678 1301 1721 obtegitur.
1337 1677 1413 1720 Ejus
1429 1678 1522 1709 color
1539 1681 1584 1708 est
1605 1677 1716 1715 albus;
1738 1677 1926 1718 ceteroquin
1939 1687 2014 1708 vero
2032 1677 2147 1708 eodem

471 1748 569 1779 modo
592 1745 747 1776 formatur
780 1750 819 1771 ac
847 1740 880 1771 in
905 1740 1057 1774 limace,
1094 1736 1149 1767 sed
1180 1735 1315 1766 cellulae
1345 1734 1447 1775 magis
1473 1737 1545 1764 sunt
1574 1733 1744 1774 elongatae
1776 1736 1807 1763 et
1836 1731 2034 1774 frequentius
2067 1733 2147 1764 divi-

471 1816 540 1841 sae,
566 1803 756 1844 plerumque
782 1795 986 1838 quadrifidae
1008 1798 1063 1825 aut
1087 1790 1330 1834 quinquefidae.
1355 1789 1436 1832 (fig.
1455 1789 1508 1821 22.
1531 1789 1597 1830 3.).

521 1861 584 1892 Vas
611 1856 770 1898 deferens
794 1854 870 1896 (fig.
889 1854 942 1886 27.
965 1852 1022 1891 c.)
1056 1850 1153 1881 etiam
1174 1849 1276 1879 multo
1304 1847 1404 1890 magis
1429 1847 1584 1888 plicatum
1613 1850 1658 1876 est
1681 1854 1779 1886 quam
1805 1844 1840 1876 in
1862 1845 2017 1881 limace,
2045 1849 2143 1886 atque

470 1919 502 1949 in
523 1917 614 1948 sulco
633 1912 801 1946 oviductus
822 1909 963 1952 aperitur
988 1907 1068 1950 (fig.
1088 1906 1137 1939 19.
1161 1918 1191 1937 v.
1213 1904 1261 1947 y.)
1276 1928 1284 1942 ,
1310 1904 1362 1936 cui
1383 1908 1510 1935 externe
1529 1900 1702 1944 glandula
1720 1902 1913 1942 prostatz'ca
1939 1900 2008 1943 (fig.
2022 1901 2073 1934 27.
2097 1902 2140 1942 e.)

471 1974 564 2005 affixa
588 1975 653 2007 est,
677 1973 709 2000 et
731 1979 768 2000 ex
801 1967 894 2009 cujus
926 1964 1124 1998 extremitate
1156 1963 1256 1994 altera
1284 1961 1401 1993 ductus
1431 1959 1590 2000 seminalis
1623 1958 1700 2000 (fig.
1725 1958 1768 1990 27
1793 1962 1824 1988 et
1849 1957 1898 1989 19.
1917 1957 1980 1999 f.)
2017 1959 2141 1996 oritur,

468 2040 552 2073 quae
573 2026 683 2060 omnia
704 2026 750 2057 uti
778 2025 813 2057 in
837 2024 970 2055 limace
994 2032 1059 2053 sese
1082 2020 1223 2058 habent3
1247 2018 1353 2050 sulcus
1375 2026 1450 2050 vero
1475 2026 1559 2054 non,
1583 2015 1629 2046 uti
1660 2014 1693 2045 in
1721 2014 1873 2050 limace,
1900 2014 1987 2056 rugis
2018 2014 2143 2045 duabus

473 2084 660 2128 aequalibus
689 2082 868 2118 formatur,
905 2080 961 2112 sed
988 2089 1054 2111 una
1087 2078 1230 2113 minore,
1256 2079 1362 2107 erecta
1393 2072 1471 2116 (fig.
1496 2073 1546 2105 19.
1570 2071 1628 2113 x.)
1644 2094 1652 2109 ‚
1675 2071 1777 2103 altera
1799 2068 1944 2112 majore,
1968 2081 2141 2112 superpen-

471 2145 567 2176 dente
592 2140 670 2182 (fig.
690 2139 743 2171 27.
761 2137 837 2180 ψ),
862 2137 951 2168 illam
971 2135 1004 2167 in
1023 2137 1116 2176 parte
1136 2131 1297 2174 superiore
1316 2131 1504 2173 attingente.

512 2199 619 2231 Penis
651 2194 732 2237 (fig.
752 2194 805 2225 27.
825 2192 858 2224 Ιι.
878 2203 916 2234 g.
937 2202 967 2224 ο.
1001 2190 1058 2233 fig.
1076 2189 1130 2221 20.
1147 2200 1189 2230 p.
1213 2199 1248 2219 n.
1271 2187 1327 2229 fig.
1345 2186 1442 2228 21.)‚
1477 2184 1533 2226 qui
1566 2184 1607 2216 ab
1630 2185 1686 2216 illo
1714 2184 1860 2215 limacis
1894 2181 1988 2214 valde
2014 2180 2138 2215 differt,

467 2259 500 2287 in
524 2252 672 2296 vaginula
700 2248 780 2292 (fig.
802 2248 855 2280 20.
878 2259 908 2281 r.
925 2246 1000 2289 η),
1036 2246 1069 2276 in
1100 2243 1231 2276 sacculo
1259 2242 1421 2274 communi
1449 2241 1662 2284 generationis
1681 2240 1849 2282 paululum
1877 2243 1953 2270 ante
1982 2236 2049 2278 ejus
2074 2235 2139 2267 ori-

466 2312 576 2345 ficium
599 2312 763 2341 externum
795 2307 929 2347 aperta,
961 2301 1040 2343 (fig.
1063 2299 1118 2333 20.
1139 2299 1189 2342 τ’.)
1212 2298 1334 2341 positus
1357 2302 1425 2336 est,
1457 2307 1542 2340 quae
1568 2307 1586 2330 e
1609 2295 1735 2329 duabus
1766 2294 1958 2328 membranis
1991 2294 2136 2325 constat,

2075 2354 2137 2376 una
