<?xml version="1.0" encoding="UTF-8"?>
<!DOCTYPE html PUBLIC "-//W3C//DTD XHTML 1.0 Transitional//EN"
    "http://www.w3.org/TR/xhtml1/DTD/xhtml1-transitional.dtd">
<html xmlns="http://www.w3.org/1999/xhtml" xml:lang="en" lang="en">
 <head>
  <title>
</title>
<meta http-equiv="Content-Type" content="text/html;charset=utf-8" />
  <meta name='ocr-system' content='tesseract 3.04.00' />
  <meta name='ocr-capabilities' content='ocr_page ocr_carea ocr_par ocr_line ocrx_word'/>
</head>
<body>
  <div class='ocr_page' id='page_1' title='image "./margareticorneli00verl_0044.png"; bbox 0 0 2361 2974; ppageno 0'>
   <div class='ocr_carea' id='block_1_1' title="bbox 482 182 1609 223">
    <p class='ocr_par' dir='ltr' id='par_1_1' title="bbox 482 182 1609 223">
     <span class='ocr_line' id='line_1_1' title="bbox 482 182 1609 223; baseline -0.009 0"><span class='ocrx_word' id='word_1_1' title='bbox 482 193 524 223; x_wconf 66' lang='lat'>42</span> <span class='ocrx_word' id='word_1_2' title='bbox 1040 182 1609 221; x_wconf 79' lang='lat' dir='ltr'><strong>M.C.VERLOREN‚</strong></span> 
     </span>
    </p>
   </div>
   <div class='ocr_carea' id='block_1_2' title="bbox 485 271 2163 1379">
    <p class='ocr_par' dir='ltr' id='par_1_2' title="bbox 485 271 2157 545">
     <span class='ocr_line' id='line_1_2' title="bbox 493 271 2157 322; baseline -0.002 -11"><span class='ocrx_word' id='word_1_3' title='bbox 493 283 557 312; x_wconf 71' lang='lat' dir='ltr'><strong>sere</strong></span> <span class='ocrx_word' id='word_1_4' title='bbox 582 280 619 311; x_wconf 89' lang='lat'>15</span> <span class='ocrx_word' id='word_1_5' title='bbox 648 281 760 312; x_wconf 66' lang='lat' dir='ltr'>diebus</span> <span class='ocrx_word' id='word_1_6' title='bbox 781 285 851 322; x_wconf 85' lang='lat' dir='ltr'>post</span> <span class='ocrx_word' id='word_1_7' title='bbox 873 277 1113 319; x_wconf 86' lang='lat' dir='ltr'>copulationem</span> <span class='ocrx_word' id='word_1_8' title='bbox 1139 276 1248 306; x_wconf 89' lang='lat' dir='ltr'>locum</span> <span class='ocrx_word' id='word_1_9' title='bbox 1271 273 1368 304; x_wconf 82' lang='lat' dir='ltr'>habet</span> <span class='ocrx_word' id='word_1_10' title='bbox 1388 277 1420 321; x_wconf 69' lang='lat' dir='ltr'>et</span> <span class='ocrx_word' id='word_1_11' title='bbox 1451 278 1521 316; x_wconf 87' lang='lat' dir='ltr'>post</span> <span class='ocrx_word' id='word_1_12' title='bbox 1543 274 1630 304; x_wconf 87' lang='lat' dir='ltr'>illam</span> <span class='ocrx_word' id='word_1_13' title='bbox 1663 282 1767 303; x_wconf 84' lang='lat' dir='ltr'>rursus</span> <span class='ocrx_word' id='word_1_14' title='bbox 1798 271 2008 314; x_wconf 86' lang='lat' dir='ltr'>amplitudine</span> <span class='ocrx_word' id='word_1_15' title='bbox 2030 275 2157 308; x_wconf 84' lang='lat' dir='ltr'>decres-</span> 
     </span>
     <span class='ocr_line' id='line_1_3' title="bbox 492 329 2153 374; baseline -0.003 -6"><span class='ocrx_word' id='word_1_16' title='bbox 492 339 535 367; x_wconf 80' lang='lat' dir='ltr'>cit</span> <span class='ocrx_word' id='word_1_17' title='bbox 559 338 712 368; x_wconf 82' lang='lat' dir='ltr'>ovarium.</span> <span class='ocrx_word' id='word_1_18' title='bbox 759 337 847 374; x_wconf 79' lang='lat' dir='ltr'>Quae</span> <span class='ocrx_word' id='word_1_19' title='bbox 870 345 969 374; x_wconf 84' lang='lat' dir='ltr'>quum</span> <span class='ocrx_word' id='word_1_20' title='bbox 991 333 1034 363; x_wconf 82' lang='lat' dir='ltr'>ita</span> <span class='ocrx_word' id='word_1_21' title='bbox 1055 333 1135 370; x_wconf 83' lang='lat' dir='ltr'>sint,</span> <span class='ocrx_word' id='word_1_22' title='bbox 1159 342 1259 373; x_wconf 84' lang='lat' dir='ltr'>rogo,</span> <span class='ocrx_word' id='word_1_23' title='bbox 1285 341 1385 372; x_wconf 79' lang='lat' dir='ltr'>quare</span> <span class='ocrx_word' id='word_1_24' title='bbox 1417 331 1582 368; x_wconf 80' lang='lat' dir='ltr'>ovarium,</span> <span class='ocrx_word' id='word_1_25' title='bbox 1614 331 1638 360; x_wconf 87' lang='lat' dir='ltr'>si</span> <span class='ocrx_word' id='word_1_26' title='bbox 1669 334 1747 360; x_wconf 84' lang='lat' dir='ltr'>esset</span> <span class='ocrx_word' id='word_1_27' title='bbox 1769 329 1969 368; x_wconf 68' lang='lat' dir='ltr'>testiculus,</span> <span class='ocrx_word' id='word_1_28' title='bbox 2003 337 2073 371; x_wconf 89' lang='lat' dir='ltr'>post</span> <span class='ocrx_word' id='word_1_29' title='bbox 2098 343 2153 363; x_wconf 86' lang='lat' dir='ltr'>co-</span> 
     </span>
     <span class='ocr_line' id='line_1_4' title="bbox 488 385 2155 434; baseline -0.006 -10"><span class='ocrx_word' id='word_1_30' title='bbox 488 394 687 434; x_wconf 83' lang='lat' dir='ltr'>pulationem</span> <span class='ocrx_word' id='word_1_31' title='bbox 716 390 956 432; x_wconf 70' lang='lat' dir='ltr'><em>magnitudine</em></span> <span class='ocrx_word' id='word_1_32' title='bbox 980 393 1185 431; x_wconf 77' lang='lat' dir='ltr'>augeretur,</span> <span class='ocrx_word' id='word_1_33' title='bbox 1222 398 1289 418; x_wconf 87' lang='lat' dir='ltr'>non</span> <span class='ocrx_word' id='word_1_34' title='bbox 1319 388 1425 428; x_wconf 85' lang='lat' dir='ltr'>potius</span> <span class='ocrx_word' id='word_1_35' title='bbox 1456 386 1730 417; x_wconf 73' lang='lat' dir='ltr'><em>diminueretur?</em></span> <span class='ocrx_word' id='word_1_36' title='bbox 1765 395 1866 426; x_wconf 84' lang='lat' dir='ltr'>quare</span> <span class='ocrx_word' id='word_1_37' title='bbox 1895 385 2056 415; x_wconf 79' lang='lat' dir='ltr'>testiculus</span> <span class='ocrx_word' id='word_1_38' title='bbox 2077 397 2155 418; x_wconf 85' lang='lat' dir='ltr'>con-</span> 
     </span>
     <span class='ocr_line' id='line_1_5' title="bbox 491 442 2156 486; baseline -0.003 -7"><span class='ocrx_word' id='word_1_39' title='bbox 491 455 535 480; x_wconf 81' lang='lat' dir='ltr'>tra</span> <span class='ocrx_word' id='word_1_40' title='bbox 550 472 558 486; x_wconf 83' lang='lat'>,</span> <span class='ocrx_word' id='word_1_41' title='bbox 583 450 605 479; x_wconf 83' lang='lat' dir='ltr'>si</span> <span class='ocrx_word' id='word_1_42' title='bbox 627 452 704 479; x_wconf 85' lang='lat' dir='ltr'>esset</span> <span class='ocrx_word' id='word_1_43' title='bbox 728 448 898 482; x_wconf 76' lang='lat' dir='ltr'><em>ovarz‘um‚</em></span> <span class='ocrx_word' id='word_1_44' title='bbox 924 445 1030 476; x_wconf 83' lang='lat' dir='ltr'>statim</span> <span class='ocrx_word' id='word_1_45' title='bbox 1055 449 1128 486; x_wconf 86' lang='lat' dir='ltr'>post</span> <span class='ocrx_word' id='word_1_46' title='bbox 1159 444 1399 486; x_wconf 83' lang='lat' dir='ltr'>copulationem</span> <span class='ocrx_word' id='word_1_47' title='bbox 1424 444 1689 479; x_wconf 75' lang='lat' dir='ltr'><em>diminueretur,</em></span> <span class='ocrx_word' id='word_1_48' title='bbox 1724 452 1824 484; x_wconf 88' lang='lat' dir='ltr'>quum</span> <span class='ocrx_word' id='word_1_49' title='bbox 1848 446 1954 473; x_wconf 82' lang='lat' dir='ltr'>tamen</span> <span class='ocrx_word' id='word_1_50' title='bbox 1988 442 2156 474; x_wconf 78' lang='lat' dir='ltr'>oviductus</span> 
     </span>
     <span class='ocr_line' id='line_1_6' title="bbox 485 500 1155 545; baseline -0.009 -9"><span class='ocrx_word' id='word_1_51' title='bbox 485 516 549 536; x_wconf 81' lang='lat' dir='ltr'>non</span> <span class='ocrx_word' id='word_1_52' title='bbox 574 508 727 545; x_wconf 82' lang='lat' dir='ltr'>augeatur</span> <span class='ocrx_word' id='word_1_53' title='bbox 750 513 856 543; x_wconf 83' lang='lat' dir='ltr'>neque</span> <span class='ocrx_word' id='word_1_54' title='bbox 877 513 936 533; x_wconf 89' lang='lat' dir='ltr'>ova</span> <span class='ocrx_word' id='word_1_55' title='bbox 961 500 1155 532; x_wconf 81' lang='lat' dir='ltr'>contineat?</span> 
     </span>
    </p>

    <p class='ocr_par' dir='ltr' id='par_1_3' title="bbox 485 553 2162 994">
     <span class='ocr_line' id='line_1_7' title="bbox 528 553 2159 599; baseline -0.004 -9"><span class='ocrx_word' id='word_1_56' title='bbox 528 560 590 590; x_wconf 85' lang='lat' dir='ltr'>Sed</span> <span class='ocrx_word' id='word_1_57' title='bbox 614 559 693 589; x_wconf 88' lang='lat' dir='ltr'>illud</span> <span class='ocrx_word' id='word_1_58' title='bbox 718 560 824 590; x_wconf 89' lang='lat' dir='ltr'>locum</span> <span class='ocrx_word' id='word_1_59' title='bbox 850 559 968 589; x_wconf 84' lang='lat' dir='ltr'>habere</span> <span class='ocrx_word' id='word_1_60' title='bbox 991 561 1117 599; x_wconf 86' lang='lat' dir='ltr'>posset,</span> <span class='ocrx_word' id='word_1_61' title='bbox 1141 556 1207 587; x_wconf 89' lang='lat' dir='ltr'>duo</span> <span class='ocrx_word' id='word_1_62' title='bbox 1230 555 1338 587; x_wconf 84' lang='lat' dir='ltr'>adesse</span> <span class='ocrx_word' id='word_1_63' title='bbox 1360 554 1491 591; x_wconf 88' lang='lat' dir='ltr'>ovaria,</span> <span class='ocrx_word' id='word_1_64' title='bbox 1518 559 1616 596; x_wconf 86' lang='lat' dir='ltr'>atque</span> <span class='ocrx_word' id='word_1_65' title='bbox 1641 557 1718 585; x_wconf 85' lang='lat' dir='ltr'>tunc</span> <span class='ocrx_word' id='word_1_66' title='bbox 1740 564 1858 590; x_wconf 88' lang='lat' dir='ltr'>unum,</span> <span class='ocrx_word' id='word_1_67' title='bbox 1883 553 1999 595; x_wconf 82' lang='lat' dir='ltr'>hepate</span> <span class='ocrx_word' id='word_1_68' title='bbox 2033 554 2159 585; x_wconf 89' lang='lat' dir='ltr'>involu-</span> 
     </span>
     <span class='ocr_line' id='line_1_8' title="bbox 487 610 2156 654; baseline -0.003 -8"><span class='ocrx_word' id='word_1_69' title='bbox 487 622 550 646; x_wconf 81' lang='lat' dir='ltr'>tum</span> <span class='ocrx_word' id='word_1_70' title='bbox 567 639 574 652; x_wconf 92' lang='lat'>,</span> <span class='ocrx_word' id='word_1_71' title='bbox 601 619 770 651; x_wconf 80' lang='lat' dir='ltr'>ovarz&#39;um,</span> <span class='ocrx_word' id='word_1_72' title='bbox 798 616 932 646; x_wconf 86' lang='lat' dir='ltr'>alterurn</span> <span class='ocrx_word' id='word_1_73' title='bbox 957 619 1089 645; x_wconf 79' lang='lat' dir='ltr'>uterum</span> <span class='ocrx_word' id='word_1_74' title='bbox 1109 623 1229 645; x_wconf 82' lang='lat' dir='ltr'>vocare</span> <span class='ocrx_word' id='word_1_75' title='bbox 1269 612 1496 654; x_wconf 89' lang='lat' dir='ltr'>potuissemus;</span> <span class='ocrx_word' id='word_1_76' title='bbox 1530 611 1575 641; x_wconf 91' lang='lat' dir='ltr'>ita</span> <span class='ocrx_word' id='word_1_77' title='bbox 1609 615 1645 641; x_wconf 90' lang='lat' dir='ltr'>ut</span> <span class='ocrx_word' id='word_1_78' title='bbox 1666 614 1737 652; x_wconf 87' lang='lat' dir='ltr'>post</span> <span class='ocrx_word' id='word_1_79' title='bbox 1762 610 2002 651; x_wconf 88' lang='lat' dir='ltr'>copulationem</span> <span class='ocrx_word' id='word_1_80' title='bbox 2022 620 2081 641; x_wconf 90' lang='lat' dir='ltr'>ova</span> <span class='ocrx_word' id='word_1_81' title='bbox 2109 611 2156 641; x_wconf 84' lang='lat' dir='ltr'>vel</span> 
     </span>
     <span class='ocr_line' id='line_1_9' title="bbox 490 666 2157 709; baseline -0.004 -7"><span class='ocrx_word' id='word_1_82' title='bbox 490 673 669 703; x_wconf 82' lang='lat' dir='ltr'>rudimenta</span> <span class='ocrx_word' id='word_1_83' title='bbox 702 683 738 703; x_wconf 79' lang='lat' dir='ltr'>ex</span> <span class='ocrx_word' id='word_1_84' title='bbox 763 672 874 703; x_wconf 87' lang='lat' dir='ltr'>ovario</span> <span class='ocrx_word' id='word_1_85' title='bbox 905 672 938 702; x_wconf 88' lang='lat' dir='ltr'>in</span> <span class='ocrx_word' id='word_1_86' title='bbox 967 675 1092 701; x_wconf 89' lang='lat' dir='ltr'>uterum</span> <span class='ocrx_word' id='word_1_87' title='bbox 1123 669 1346 701; x_wconf 77' lang='lat' dir='ltr'>conferrentur</span> <span class='ocrx_word' id='word_1_88' title='bbox 1366 668 1476 709; x_wconf 86' lang='lat' dir='ltr'><strong>ibique</strong></span> <span class='ocrx_word' id='word_1_89' title='bbox 1497 666 1772 699; x_wconf 85' lang='lat' dir='ltr'>foecundarentur</span> <span class='ocrx_word' id='word_1_90' title='bbox 1807 671 1906 708; x_wconf 86' lang='lat' dir='ltr'>atque</span> <span class='ocrx_word' id='word_1_91' title='bbox 1936 666 2157 706; x_wconf 81' lang='lat' dir='ltr'>magnitudine</span> 
     </span>
     <span class='ocr_line' id='line_1_10' title="bbox 488 722 2157 771; baseline -0.004 -13"><span class='ocrx_word' id='word_1_92' title='bbox 488 734 699 771; x_wconf 58' lang='lat' dir='ltr'>augmentum</span> <span class='ocrx_word' id='word_1_93' title='bbox 724 730 777 760; x_wconf 81' lang='lat' dir='ltr'>tali</span> <span class='ocrx_word' id='word_1_94' title='bbox 802 728 900 759; x_wconf 89' lang='lat' dir='ltr'>modo</span> <span class='ocrx_word' id='word_1_95' title='bbox 923 727 1022 759; x_wconf 81' lang='lat' dir='ltr'>ovarii</span> <span class='ocrx_word' id='word_1_96' title='bbox 1037 726 1207 757; x_wconf 84' lang='lat' dir='ltr'>diminutio</span> <span class='ocrx_word' id='word_1_97' title='bbox 1221 730 1251 756; x_wconf 90' lang='lat' dir='ltr'>et</span> <span class='ocrx_word' id='word_1_98' title='bbox 1264 725 1344 755; x_wconf 88' lang='lat' dir='ltr'>uteri</span> <span class='ocrx_word' id='word_1_99' title='bbox 1370 724 1478 755; x_wconf 85' lang='lat' dir='ltr'>auctio</span> <span class='ocrx_word' id='word_1_100' title='bbox 1499 724 1593 754; x_wconf 82' lang='lat' dir='ltr'>facile</span> <span class='ocrx_word' id='word_1_101' title='bbox 1615 730 1695 753; x_wconf 83' lang='lat' dir='ltr'>esset</span> <span class='ocrx_word' id='word_1_102' title='bbox 1721 722 1925 764; x_wconf 82' lang='lat' dir='ltr'>explicanda.</span> <span class='ocrx_word' id='word_1_103' title='bbox 1970 722 2035 752; x_wconf 80' lang='lat' dir='ltr'>Sed</span> <span class='ocrx_word' id='word_1_104' title='bbox 2058 723 2081 752; x_wconf 89' lang='lat' dir='ltr'>si</span> <span class='ocrx_word' id='word_1_105' title='bbox 2096 722 2157 752; x_wconf 86' lang='lat' dir='ltr'>hoc</span> 
     </span>
     <span class='ocr_line' id='line_1_11' title="bbox 485 777 2161 827; baseline -0.006 -10"><span class='ocrx_word' id='word_1_106' title='bbox 485 789 528 817; x_wconf 72' lang='lat' dir='ltr'>ita</span> <span class='ocrx_word' id='word_1_107' title='bbox 549 791 608 822; x_wconf 83' lang='lat' dir='ltr'>est.</span> <span class='ocrx_word' id='word_1_108' title='bbox 636 796 750 827; x_wconf 85' lang='lat' dir='ltr'>rogare</span> <span class='ocrx_word' id='word_1_109' title='bbox 770 785 941 820; x_wconf 77' lang='lat' dir='ltr'><strong>debemus,</strong></span> <span class='ocrx_word' id='word_1_110' title='bbox 968 783 1021 813; x_wconf 91' lang='lat' dir='ltr'>ubi</span> <span class='ocrx_word' id='word_1_111' title='bbox 1043 787 1121 813; x_wconf 86' lang='lat' dir='ltr'>tunc</span> <span class='ocrx_word' id='word_1_112' title='bbox 1143 781 1347 822; x_wconf 87' lang='lat' dir='ltr'>quaerendus</span> <span class='ocrx_word' id='word_1_113' title='bbox 1366 780 1404 810; x_wconf 88' lang='lat' dir='ltr'>sit</span> <span class='ocrx_word' id='word_1_114' title='bbox 1419 778 1625 810; x_wconf 73' lang='lat' dir='ltr'>testiculus?</span> <span class='ocrx_word' id='word_1_115' title='bbox 1659 778 1746 809; x_wconf 83' lang='lat' dir='ltr'>Nihil</span> <span class='ocrx_word' id='word_1_116' title='bbox 1767 783 1864 809; x_wconf 84' lang='lat' dir='ltr'>restat</span> <span class='ocrx_word' id='word_1_117' title='bbox 1887 788 1985 819; x_wconf 87' lang='lat' dir='ltr'>quam</span> <span class='ocrx_word' id='word_1_118' title='bbox 2006 777 2161 818; x_wconf 84' lang='lat' dir='ltr'>glandula</span> 
     </span>
     <span class='ocr_line' id='line_1_12' title="bbox 488 833 2162 883; baseline -0.005 -10"><span class='ocrx_word' id='word_1_119' title='bbox 488 843 681 883; x_wconf 83' lang='lat' dir='ltr'>prostatica;</span> <span class='ocrx_word' id='word_1_120' title='bbox 706 842 760 872; x_wconf 89' lang='lat' dir='ltr'>sed</span> <span class='ocrx_word' id='word_1_121' title='bbox 784 842 807 871; x_wconf 89' lang='lat' dir='ltr'>si</span> <span class='ocrx_word' id='word_1_122' title='bbox 830 842 883 871; x_wconf 85' lang='lat' dir='ltr'>illa</span> <span class='ocrx_word' id='word_1_123' title='bbox 909 840 1071 870; x_wconf 86' lang='lat' dir='ltr'>testiculus</span> <span class='ocrx_word' id='word_1_124' title='bbox 1091 843 1194 876; x_wconf 85' lang='lat' dir='ltr'>esset,</span> <span class='ocrx_word' id='word_1_125' title='bbox 1228 847 1330 878; x_wconf 81' lang='lat' dir='ltr'>quare</span> <span class='ocrx_word' id='word_1_126' title='bbox 1366 840 1442 866; x_wconf 89' lang='lat' dir='ltr'>tunc</span> <span class='ocrx_word' id='word_1_127' title='bbox 1477 835 1593 866; x_wconf 76' lang='lat' dir='ltr'>ductus</span> <span class='ocrx_word' id='word_1_128' title='bbox 1622 834 1780 865; x_wconf 84' lang='lat' dir='ltr'>seminalis</span> <span class='ocrx_word' id='word_1_129' title='bbox 1810 834 1843 864; x_wconf 89' lang='lat' dir='ltr'>in</span> <span class='ocrx_word' id='word_1_130' title='bbox 1869 833 2035 863; x_wconf 80' lang='lat' dir='ltr'>Succz&#39;neoe</span> <span class='ocrx_word' id='word_1_131' title='bbox 2064 838 2162 874; x_wconf 83' lang='lat' dir='ltr'>atque</span> 
     </span>
     <span class='ocr_line' id='line_1_13' title="bbox 486 888 2158 937; baseline -0.005 -9"><span class='ocrx_word' id='word_1_132' title='bbox 486 898 657 929; x_wconf 77' lang='lat' dir='ltr'>Planorbe</span> <span class='ocrx_word' id='word_1_133' title='bbox 678 908 743 928; x_wconf 87' lang='lat' dir='ltr'>non</span> <span class='ocrx_word' id='word_1_134' title='bbox 765 897 796 926; x_wconf 90' lang='lat' dir='ltr'>in</span> <span class='ocrx_word' id='word_1_135' title='bbox 822 895 975 937; x_wconf 77' lang='lat' dir='ltr'>glandula</span> <span class='ocrx_word' id='word_1_136' title='bbox 1001 896 1054 926; x_wconf 86' lang='lat' dir='ltr'>illa</span> <span class='ocrx_word' id='word_1_137' title='bbox 1081 894 1224 929; x_wconf 84' lang='lat' dir='ltr'>desinat,</span> <span class='ocrx_word' id='word_1_138' title='bbox 1249 903 1356 923; x_wconf 87' lang='lat' dir='ltr'>verum</span> <span class='ocrx_word' id='word_1_139' title='bbox 1377 892 1417 921; x_wconf 91' lang='lat' dir='ltr'>ad</span> <span class='ocrx_word' id='word_1_140' title='bbox 1442 891 1586 921; x_wconf 86' lang='lat' dir='ltr'>ovarium</span> <span class='ocrx_word' id='word_1_141' title='bbox 1614 890 1813 930; x_wconf 84' lang='lat' dir='ltr'>procurrat?</span> <span class='ocrx_word' id='word_1_142' title='bbox 1858 888 1897 918; x_wconf 86' lang='lat' dir='ltr'>Et</span> <span class='ocrx_word' id='word_1_143' title='bbox 1919 889 1998 929; x_wconf 82' lang='lat' dir='ltr'>quid</span> <span class='ocrx_word' id='word_1_144' title='bbox 2027 893 2102 919; x_wconf 87' lang='lat' dir='ltr'>tunc</span> <span class='ocrx_word' id='word_1_145' title='bbox 2127 890 2158 920; x_wconf 87' lang='lat' dir='ltr'>in</span> 
     </span>
     <span class='ocr_line' id='line_1_14' title="bbox 486 946 1642 994; baseline -0.006 -10"><span class='ocrx_word' id='word_1_146' title='bbox 486 955 660 994; x_wconf 68' lang='lat' dir='ltr'>Lgymnaea</span> <span class='ocrx_word' id='word_1_147' title='bbox 677 952 837 994; x_wconf 70' lang='lat' dir='ltr'><em>-rtagnalt</em></span> <span class='ocrx_word' id='word_1_148' title='bbox 857 955 934 982; x_wconf 86' lang='lat' dir='ltr'>esset</span> <span class='ocrx_word' id='word_1_149' title='bbox 959 950 1139 985; x_wconf 85' lang='lat' dir='ltr'>testiculus,</span> <span class='ocrx_word' id='word_1_150' title='bbox 1165 949 1220 979; x_wconf 91' lang='lat' dir='ltr'>ubi</span> <span class='ocrx_word' id='word_1_151' title='bbox 1245 947 1354 978; x_wconf 88' lang='lat' dir='ltr'>deficit</span> <span class='ocrx_word' id='word_1_152' title='bbox 1376 947 1531 988; x_wconf 81' lang='lat' dir='ltr'>glandula</span> <span class='ocrx_word' id='word_1_153' title='bbox 1558 946 1642 977; x_wconf 82' lang='lat' dir='ltr'>illa?</span> 
     </span>
    </p>

    <p class='ocr_par' dir='ltr' id='par_1_4' title="bbox 485 998 2163 1207">
     <span class='ocr_line' id='line_1_15' title="bbox 528 998 2163 1047; baseline -0.006 -8"><span class='ocrx_word' id='word_1_154' title='bbox 528 1009 611 1039; x_wconf 87' lang='lat' dir='ltr'>Illud</span> <span class='ocrx_word' id='word_1_155' title='bbox 635 1013 757 1038; x_wconf 78' lang='lat' dir='ltr'>tantum</span> <span class='ocrx_word' id='word_1_156' title='bbox 780 1006 893 1036; x_wconf 80' lang='lat' dir='ltr'>assumi</span> <span class='ocrx_word' id='word_1_157' title='bbox 916 1011 1039 1047; x_wconf 87' lang='lat' dir='ltr'>potest,</span> <span class='ocrx_word' id='word_1_158' title='bbox 1066 1005 1265 1039; x_wconf 85' lang='lat' dir='ltr'>testiculum,</span> <span class='ocrx_word' id='word_1_159' title='bbox 1290 1003 1336 1033; x_wconf 84' lang='lat' dir='ltr'>uti</span> <span class='ocrx_word' id='word_1_160' title='bbox 1372 1002 1635 1033; x_wconf 80' lang='lat' dir='ltr'>Treviranus</span> <span class='ocrx_word' id='word_1_161' title='bbox 1668 998 1856 1040; x_wconf 84' lang='lat' dir='ltr'>proposuit,</span> <span class='ocrx_word' id='word_1_162' title='bbox 1889 998 1980 1027; x_wconf 83' lang='lat' dir='ltr'>simul</span> <span class='ocrx_word' id='word_1_163' title='bbox 2005 998 2163 1038; x_wconf 79' lang='lat' dir='ltr'>liquorem</span> 
     </span>
     <span class='ocr_line' id='line_1_16' title="bbox 486 1052 2159 1098; baseline -0.007 -4"><span class='ocrx_word' id='word_1_164' title='bbox 486 1065 697 1095; x_wconf 70' lang='lat' dir='ltr'>masculinum</span> <span class='ocrx_word' id='word_1_165' title='bbox 722 1069 752 1094; x_wconf 80' lang='lat' dir='ltr'>et</span> <span class='ocrx_word' id='word_1_166' title='bbox 786 1062 956 1092; x_wconf 80' lang='lat' dir='ltr'>femineum</span> <span class='ocrx_word' id='word_1_167' title='bbox 982 1071 1170 1098; x_wconf 79' lang='lat' dir='ltr'>secernere,</span> <span class='ocrx_word' id='word_1_168' title='bbox 1202 1061 1246 1090; x_wconf 83' lang='lat' dir='ltr'>ita</span> <span class='ocrx_word' id='word_1_169' title='bbox 1268 1064 1302 1089; x_wconf 90' lang='lat' dir='ltr'>ut</span> <span class='ocrx_word' id='word_1_170' title='bbox 1330 1064 1406 1090; x_wconf 84' lang='lat' dir='ltr'>tunc</span> <span class='ocrx_word' id='word_1_171' title='bbox 1440 1058 1577 1088; x_wconf 78' lang='lat' dir='ltr'>durante</span> <span class='ocrx_word' id='word_1_172' title='bbox 1612 1053 1843 1097; x_wconf 77' lang='lat' dir='ltr'>copulatione,</span> <span class='ocrx_word' id='word_1_173' title='bbox 1877 1052 1998 1090; x_wconf 86' lang='lat' dir='ltr'>vitelli,</span> <span class='ocrx_word' id='word_1_174' title='bbox 2029 1054 2100 1095; x_wconf 80' lang='lat' dir='ltr'>jam</span> <span class='ocrx_word' id='word_1_175' title='bbox 2127 1056 2159 1084; x_wconf 87' lang='lat' dir='ltr'>in</span> 
     </span>
     <span class='ocr_line' id='line_1_17' title="bbox 487 1106 2161 1160; baseline -0.006 -11"><span class='ocrx_word' id='word_1_176' title='bbox 487 1121 635 1151; x_wconf 67' lang='lat' dir='ltr'>testiculo</span> <span class='ocrx_word' id='word_1_177' title='bbox 656 1121 836 1160; x_wconf 82' lang='lat' dir='ltr'><strong>praesentes</strong></span> <span class='ocrx_word' id='word_1_178' title='bbox 852 1139 860 1153; x_wconf 87' lang='lat'>,</span> <span class='ocrx_word' id='word_1_179' title='bbox 884 1117 917 1146; x_wconf 90' lang='lat' dir='ltr'>in</span> <span class='ocrx_word' id='word_1_180' title='bbox 941 1115 1085 1147; x_wconf 83' lang='lat' dir='ltr'>ovarium</span> <span class='ocrx_word' id='word_1_181' title='bbox 1114 1115 1338 1152; x_wconf 85' lang='lat' dir='ltr'>conferantur,</span> <span class='ocrx_word' id='word_1_182' title='bbox 1364 1115 1440 1146; x_wconf 90' lang='lat' dir='ltr'>dum</span> <span class='ocrx_word' id='word_1_183' title='bbox 1469 1123 1594 1155; x_wconf 83' lang='lat' dir='ltr'><strong>sperma</strong></span> <span class='ocrx_word' id='word_1_184' title='bbox 1627 1121 1684 1155; x_wconf 86' lang='lat' dir='ltr'>per</span> <span class='ocrx_word' id='word_1_185' title='bbox 1714 1118 1830 1150; x_wconf 80' lang='lat' dir='ltr'>penem</span> <span class='ocrx_word' id='word_1_186' title='bbox 1852 1106 2051 1149; x_wconf 81' lang='lat' dir='ltr'>ejaculetur3</span> <span class='ocrx_word' id='word_1_187' title='bbox 2076 1119 2161 1151; x_wconf 87' lang='lat' dir='ltr'>quae</span> 
     </span>
     <span class='ocr_line' id='line_1_18' title="bbox 485 1170 1222 1207; baseline -0.007 -1"><span class='ocrx_word' id='word_1_188' title='bbox 485 1176 639 1207; x_wconf 75' lang='lat' dir='ltr'>sementia</span> <span class='ocrx_word' id='word_1_189' title='bbox 668 1179 775 1204; x_wconf 75' lang='lat' dir='ltr'>tamen</span> <span class='ocrx_word' id='word_1_190' title='bbox 797 1170 872 1201; x_wconf 90' lang='lat' dir='ltr'>mihi</span> <span class='ocrx_word' id='word_1_191' title='bbox 890 1181 956 1201; x_wconf 90' lang='lat' dir='ltr'>non</span> <span class='ocrx_word' id='word_1_192' title='bbox 975 1171 1068 1202; x_wconf 87' lang='lat' dir='ltr'>valde</span> <span class='ocrx_word' id='word_1_193' title='bbox 1090 1170 1222 1202; x_wconf 83' lang='lat' dir='ltr'>arridet.</span> 
     </span>
    </p>

    <p class='ocr_par' dir='ltr' id='par_1_5' title="bbox 490 1217 2160 1379">
     <span class='ocr_line' id='line_1_19' title="bbox 526 1217 2159 1262; baseline -0.007 -1"><span class='ocrx_word' id='word_1_194' title='bbox 526 1232 695 1262; x_wconf 54' lang='lat' dir='ltr'>*Praeterea</span> <span class='ocrx_word' id='word_1_195' title='bbox 716 1228 812 1259; x_wconf 74' lang='lat' dir='ltr'>etiam</span> <span class='ocrx_word' id='word_1_196' title='bbox 839 1227 1159 1258; x_wconf 82' lang='lat' dir='ltr'>animadvertendum</span> <span class='ocrx_word' id='word_1_197' title='bbox 1185 1233 1232 1256; x_wconf 83' lang='lat' dir='ltr'>est</span> <span class='ocrx_word' id='word_1_198' title='bbox 1247 1246 1255 1261; x_wconf 81' lang='lat'>‚</span> <span class='ocrx_word' id='word_1_199' title='bbox 1279 1224 1425 1254; x_wconf 82' lang='lat' dir='ltr'>ovarium</span> <span class='ocrx_word' id='word_1_200' title='bbox 1444 1224 1477 1254; x_wconf 90' lang='lat' dir='ltr'>in</span> <span class='ocrx_word' id='word_1_201' title='bbox 1497 1222 1673 1254; x_wconf 79' lang='lat' dir='ltr'>Planorbe</span> <span class='ocrx_word' id='word_1_202' title='bbox 1699 1224 1797 1261; x_wconf 86' lang='lat' dir='ltr'>atque</span> <span class='ocrx_word' id='word_1_203' title='bbox 1821 1218 1997 1259; x_wconf 79' lang='lat' dir='ltr'>Lymnaea</span> <span class='ocrx_word' id='word_1_204' title='bbox 2021 1217 2159 1250; x_wconf 89' lang='lat' dir='ltr'>eundem</span> 
     </span>
     <span class='ocr_line' id='line_1_20' title="bbox 490 1274 2160 1324; baseline -0.008 -6"><span class='ocrx_word' id='word_1_205' title='bbox 490 1287 609 1318; x_wconf 83' lang='lat' dir='ltr'>habere</span> <span class='ocrx_word' id='word_1_206' title='bbox 645 1285 806 1319; x_wconf 81' lang='lat' dir='ltr'>colorem,</span> <span class='ocrx_word' id='word_1_207' title='bbox 832 1293 928 1324; x_wconf 89' lang='lat' dir='ltr'>quem</span> <span class='ocrx_word' id='word_1_208' title='bbox 958 1283 1055 1314; x_wconf 77' lang='lat' dir='ltr'>vitelli</span> <span class='ocrx_word' id='word_1_209' title='bbox 1091 1291 1245 1316; x_wconf 89' lang='lat' dir='ltr'>ovorum,</span> <span class='ocrx_word' id='word_1_210' title='bbox 1283 1278 1463 1310; x_wconf 87' lang='lat' dir='ltr'>testiculum</span> <span class='ocrx_word' id='word_1_211' title='bbox 1497 1283 1612 1310; x_wconf 86' lang='lat' dir='ltr'>contra</span> <span class='ocrx_word' id='word_1_212' title='bbox 1643 1278 1787 1309; x_wconf 86' lang='lat' dir='ltr'>colorem</span> <span class='ocrx_word' id='word_1_213' title='bbox 1809 1274 1953 1306; x_wconf 82' lang='lat' dir='ltr'>albidum</span> <span class='ocrx_word' id='word_1_214' title='bbox 1978 1275 2160 1314; x_wconf 87' lang='lat' dir='ltr'>cinereum;</span> 
     </span>
     <span class='ocr_line' id='line_1_21' title="bbox 494 1331 2160 1379; baseline -0.007 -6"><span class='ocrx_word' id='word_1_215' title='bbox 494 1343 610 1373; x_wconf 79' lang='lat' dir='ltr'>deinde</span> <span class='ocrx_word' id='word_1_216' title='bbox 632 1344 824 1371; x_wconf 84' lang='lat' dir='ltr'>structuram</span> <span class='ocrx_word' id='word_1_217' title='bbox 847 1338 984 1369; x_wconf 89' lang='lat' dir='ltr'>testiculi</span> <span class='ocrx_word' id='word_1_218' title='bbox 1006 1343 1103 1379; x_wconf 83' lang='lat' dir='ltr'>atque</span> <span class='ocrx_word' id='word_1_219' title='bbox 1127 1338 1209 1369; x_wconf 77' lang='lat' dir='ltr'>vasis</span> <span class='ocrx_word' id='word_1_220' title='bbox 1232 1334 1403 1366; x_wconf 81' lang='lat' dir='ltr'>deferentis</span> <span class='ocrx_word' id='word_1_221' title='bbox 1424 1335 1525 1366; x_wconf 92' lang='lat' dir='ltr'>multo</span> <span class='ocrx_word' id='word_1_222' title='bbox 1556 1334 1658 1375; x_wconf 85' lang='lat' dir='ltr'>magis</span> <span class='ocrx_word' id='word_1_223' title='bbox 1690 1332 1862 1364; x_wconf 88' lang='lat' dir='ltr'>convenire</span> <span class='ocrx_word' id='word_1_224' title='bbox 1884 1340 1956 1361; x_wconf 89' lang='lat' dir='ltr'>cum</span> <span class='ocrx_word' id='word_1_225' title='bbox 1986 1331 2041 1361; x_wconf 88' lang='lat' dir='ltr'>illa</span> <span class='ocrx_word' id='word_1_226' title='bbox 2073 1332 2160 1362; x_wconf 89' lang='lat' dir='ltr'>testi-</span> 
     </span>
    </p>
   </div>
   <div class='ocr_carea' id='block_1_3' title="bbox 491 1384 2166 1493">
    <p class='ocr_par' dir='ltr' id='par_1_6' title="bbox 491 1384 2166 1493">
     <span class='ocr_line' id='line_1_22' title="bbox 492 1384 2162 1431; baseline -0.01 -1"><span class='ocrx_word' id='word_1_227' title='bbox 492 1399 556 1431; x_wconf 81' lang='lat' dir='ltr'>culi</span> <span class='ocrx_word' id='word_1_228' title='bbox 582 1401 613 1428; x_wconf 87' lang='lat' dir='ltr'>et</span> <span class='ocrx_word' id='word_1_229' title='bbox 641 1396 720 1426; x_wconf 85' lang='lat' dir='ltr'>vasis</span> <span class='ocrx_word' id='word_1_230' title='bbox 744 1393 914 1424; x_wconf 78' lang='lat' dir='ltr'>deferentis</span> <span class='ocrx_word' id='word_1_231' title='bbox 938 1393 1073 1423; x_wconf 81' lang='lat' dir='ltr'>aliorum</span> <span class='ocrx_word' id='word_1_232' title='bbox 1111 1392 1314 1428; x_wconf 83' lang='lat' dir='ltr'>animalium,</span> <span class='ocrx_word' id='word_1_233' title='bbox 1346 1400 1445 1431; x_wconf 88' lang='lat' dir='ltr'>quam</span> <span class='ocrx_word' id='word_1_234' title='bbox 1481 1389 1615 1430; x_wconf 88' lang='lat' dir='ltr'>quidem</span> <span class='ocrx_word' id='word_1_235' title='bbox 1647 1398 1723 1418; x_wconf 87' lang='lat' dir='ltr'>cum</span> <span class='ocrx_word' id='word_1_236' title='bbox 1752 1389 1909 1417; x_wconf 87' lang='lat' dir='ltr'>structura</span> <span class='ocrx_word' id='word_1_237' title='bbox 1944 1384 2043 1414; x_wconf 82' lang='lat' dir='ltr'>ovarii</span> <span class='ocrx_word' id='word_1_238' title='bbox 2074 1384 2112 1424; x_wconf 84' lang='grc' dir='ltr'>(ι</span> <span class='ocrx_word' id='word_1_239' title='bbox 2130 1385 2162 1423; x_wconf 84' lang='grc'>);</span> 
     </span>
     <span class='ocr_line' id='line_1_23' title="bbox 491 1439 2166 1493; baseline -0.01 -8"><span class='ocrx_word' id='word_1_240' title='bbox 491 1455 631 1493; x_wconf 87' lang='lat' dir='ltr'>denique</span> <span class='ocrx_word' id='word_1_241' title='bbox 653 1459 819 1489; x_wconf 88' lang='lat' dir='ltr'>nunquam</span> <span class='ocrx_word' id='word_1_242' title='bbox 839 1448 872 1477; x_wconf 86' lang='lat' dir='ltr'>in</span> <span class='ocrx_word' id='word_1_243' title='bbox 894 1448 963 1475; x_wconf 82' lang='lat' dir='ltr'>aliis</span> <span class='ocrx_word' id='word_1_244' title='bbox 988 1448 1179 1477; x_wconf 82' lang='lat' dir='ltr'>animalibus</span> <span class='ocrx_word' id='word_1_245' title='bbox 1202 1447 1381 1479; x_wconf 81' lang='lat' dir='ltr'>observari,</span> <span class='ocrx_word' id='word_1_246' title='bbox 1407 1445 1463 1473; x_wconf 90' lang='lat' dir='ltr'>tali</span> <span class='ocrx_word' id='word_1_247' title='bbox 1486 1441 1715 1482; x_wconf 84' lang='lat' dir='ltr'>magnitudinis</span> <span class='ocrx_word' id='word_1_248' title='bbox 1735 1440 1860 1470; x_wconf 84' lang='lat' dir='ltr'>ratione</span> <span class='ocrx_word' id='word_1_249' title='bbox 1882 1439 2025 1468; x_wconf 81' lang='lat' dir='ltr'>ovarium</span> <span class='ocrx_word' id='word_1_250' title='bbox 2049 1443 2080 1469; x_wconf 88' lang='lat' dir='ltr'>et</span> <span class='ocrx_word' id='word_1_251' title='bbox 2104 1443 2166 1469; x_wconf 83' lang='lat' dir='ltr'>tes-</span> 
     </span>
    </p>
   </div>
   <div class='ocr_carea' id='block_1_4' title="bbox 492 1493 2169 1662">
    <p class='ocr_par' dir='ltr' id='par_1_7' title="bbox 492 1493 2169 1662">
     <span class='ocr_line' id='line_1_24' title="bbox 492 1493 2169 1543; baseline -0.009 -4"><span class='ocrx_word' id='word_1_252' title='bbox 492 1509 624 1540; x_wconf 62' lang='lat' dir='ltr'>ticulum</span> <span class='ocrx_word' id='word_1_253' title='bbox 650 1506 732 1536; x_wconf 90' lang='lat' dir='ltr'>inter</span> <span class='ocrx_word' id='word_1_254' title='bbox 755 1513 787 1533; x_wconf 90' lang='lat' dir='ltr'>se</span> <span class='ocrx_word' id='word_1_255' title='bbox 810 1511 876 1533; x_wconf 86' lang='lat' dir='ltr'>esse</span> <span class='ocrx_word' id='word_1_256' title='bbox 901 1500 1051 1543; x_wconf 88' lang='lat' dir='ltr'>disposita</span> <span class='ocrx_word' id='word_1_257' title='bbox 1069 1524 1077 1538; x_wconf 90' lang='lat'>,</span> <span class='ocrx_word' id='word_1_258' title='bbox 1101 1501 1206 1542; x_wconf 89' lang='lat' dir='ltr'>qualis</span> <span class='ocrx_word' id='word_1_259' title='bbox 1227 1500 1271 1531; x_wconf 90' lang='lat' dir='ltr'>ibi</span> <span class='ocrx_word' id='word_1_260' title='bbox 1294 1499 1403 1530; x_wconf 88' lang='lat' dir='ltr'>locum</span> <span class='ocrx_word' id='word_1_261' title='bbox 1427 1496 1582 1532; x_wconf 86' lang='lat' dir='ltr'>haberet,</span> <span class='ocrx_word' id='word_1_262' title='bbox 1606 1495 1631 1525; x_wconf 88' lang='lat' dir='ltr'>si</span> <span class='ocrx_word' id='word_1_263' title='bbox 1665 1495 1827 1526; x_wconf 87' lang='lat' dir='ltr'>testiculus</span> <span class='ocrx_word' id='word_1_264' title='bbox 1861 1493 2004 1524; x_wconf 81' lang='lat' dir='ltr'>ovarium</span> <span class='ocrx_word' id='word_1_265' title='bbox 2019 1516 2028 1530; x_wconf 83' lang='lat'>‚</span> <span class='ocrx_word' id='word_1_266' title='bbox 2066 1499 2169 1535; x_wconf 81' lang='lat' dir='ltr'>atque</span> 
     </span>
     <span class='ocr_line' id='line_1_25' title="bbox 497 1548 2165 1605; baseline -0.01 -10"><span class='ocrx_word' id='word_1_267' title='bbox 497 1565 640 1596; x_wconf 62' lang='lat' dir='ltr'>‹is-arium</span> <span class='ocrx_word' id='word_1_268' title='bbox 674 1559 838 1591; x_wconf 86' lang='lat' dir='ltr'>testiculus</span> <span class='ocrx_word' id='word_1_269' title='bbox 869 1561 975 1596; x_wconf 83' lang='lat' dir='ltr'>esset3</span> <span class='ocrx_word' id='word_1_270' title='bbox 1011 1566 1113 1598; x_wconf 87' lang='lat' dir='ltr'>quum</span> <span class='ocrx_word' id='word_1_271' title='bbox 1147 1559 1223 1586; x_wconf 85' lang='lat' dir='ltr'>tunc</span> <span class='ocrx_word' id='word_1_272' title='bbox 1252 1554 1415 1586; x_wconf 86' lang='lat' dir='ltr'>testiculus</span> <span class='ocrx_word' id='word_1_273' title='bbox 1445 1556 1517 1595; x_wconf 83' lang='lat' dir='ltr'>post</span> <span class='ocrx_word' id='word_1_274' title='bbox 1555 1550 1794 1593; x_wconf 81' lang='lat' dir='ltr'>copulationem</span> <span class='ocrx_word' id='word_1_275' title='bbox 1833 1548 1964 1590; x_wconf 84' lang='lat' dir='ltr'>quidem</span> <span class='ocrx_word' id='word_1_276' title='bbox 1995 1548 2165 1605; x_wconf 42' lang='lat' dir='ltr'>quintruieu</span> 
     </span>
     <span class='ocr_line' id='line_1_26' title="bbox 494 1604 2129 1662; baseline -0.021 -10"><span class='ocrx_word' id='word_1_277' title='bbox 494 1620 599 1662; x_wconf 80' lang='lat' dir='ltr'>major</span> <span class='ocrx_word' id='word_1_278' title='bbox 619 1618 700 1650; x_wconf 84' lang='lat' dir='ltr'>soret</span> <span class='ocrx_word' id='word_1_279' title='bbox 712 1638 722 1653; x_wconf 83' lang='lat'>‚</span> <span class='ocrx_word' id='word_1_280' title='bbox 746 1625 846 1658; x_wconf 89' lang='lat' dir='ltr'>quam</span> <span class='ocrx_word' id='word_1_281' title='bbox 865 1613 1020 1645; x_wconf 81' lang='lat' dir='ltr'>ovarium.</span> <span class='ocrx_word' id='word_1_282' title='bbox 2096 1604 2129 1655; x_wconf 35' lang='grc' dir='ltr'>«θ’,</span> 
     </span>
    </p>
   </div>
   <div class='ocr_carea' id='block_1_5' title="bbox 1276 1725 1389 1768">
    <p class='ocr_par' dir='ltr' id='par_1_8' title="bbox 1276 1725 1389 1768">
     <span class='ocr_line' id='line_1_27' title="bbox 1276 1725 1389 1768; baseline 0 -11"><span class='ocrx_word' id='word_1_283' title='bbox 1276 1727 1307 1768; x_wconf 70' lang='lat' dir='ltr'>g.</span> <span class='ocrx_word' id='word_1_284' title='bbox 1355 1725 1389 1758; x_wconf 82' lang='lat'>2.</span> 
     </span>
    </p>
   </div>
   <div class='ocr_carea' id='block_1_6' title="bbox 1098 1824 1558 1864">
    <p class='ocr_par' dir='ltr' id='par_1_9' title="bbox 1098 1824 1558 1864">
     <span class='ocr_line' id='line_1_28' title="bbox 1098 1824 1558 1864; baseline -0.009 0"><span class='ocrx_word' id='word_1_285' title='bbox 1098 1829 1174 1864; x_wconf 88' lang='lat' dir='ltr'>DE</span> <span class='ocrx_word' id='word_1_286' title='bbox 1222 1824 1558 1864; x_wconf 83' lang='lat' dir='ltr'>VESICULA.</span> 
     </span>
    </p>
   </div>
   <div class='ocr_carea' id='block_1_7' title="bbox 490 1942 2163 2106">
    <p class='ocr_par' dir='ltr' id='par_1_10' title="bbox 490 1942 2163 2106">
     <span class='ocr_line' id='line_1_29' title="bbox 534 1942 2163 1994; baseline -0.011 -2"><span class='ocrx_word' id='word_1_287' title='bbox 534 1963 579 1992; x_wconf 82' lang='lat' dir='ltr'>De</span> <span class='ocrx_word' id='word_1_288' title='bbox 611 1955 780 1990; x_wconf 71' lang='lat' dir='ltr'>vesiculae</span> <span class='ocrx_word' id='word_1_289' title='bbox 806 1953 972 1985; x_wconf 83' lang='lat' dir='ltr'>functione</span> <span class='ocrx_word' id='word_1_290' title='bbox 1002 1956 1063 1982; x_wconf 82' lang='lat' dir='ltr'>tres</span> <span class='ocrx_word' id='word_1_291' title='bbox 1083 1952 1259 1994; x_wconf 83' lang='lat' dir='ltr'>praecipue</span> <span class='ocrx_word' id='word_1_292' title='bbox 1281 1951 1444 1984; x_wconf 86' lang='lat' dir='ltr'>attulimus</span> <span class='ocrx_word' id='word_1_293' title='bbox 1467 1946 1659 1979; x_wconf 77' lang='lat' dir='ltr'>sententias:</span> <span class='ocrx_word' id='word_1_294' title='bbox 1695 1954 1829 1986; x_wconf 81' lang='lat' dir='ltr'>nempe,</span> <span class='ocrx_word' id='word_1_295' title='bbox 1863 1942 2040 1974; x_wconf 84' lang='lat' dir='ltr'>secundum</span> <span class='ocrx_word' id='word_1_296' title='bbox 2065 1943 2163 1975; x_wconf 72' lang='lat' dir='ltr'><strong>Tre-</strong></span> 
     </span>
     <span class='ocr_line' id='line_1_30' title="bbox 490 1999 2161 2048; baseline -0.012 -1"><span class='ocrx_word' id='word_1_297' title='bbox 490 2018 681 2048; x_wconf 84' lang='lat' dir='ltr'>viranum</span> <span class='ocrx_word' id='word_1_298' title='bbox 725 2012 863 2043; x_wconf 83' lang='lat' dir='ltr'>vesicam</span> <span class='ocrx_word' id='word_1_299' title='bbox 902 2013 981 2040; x_wconf 87' lang='lat' dir='ltr'>esset</span> <span class='ocrx_word' id='word_1_300' title='bbox 1025 2008 1198 2038; x_wconf 86' lang='lat' dir='ltr'>urinariam</span> <span class='ocrx_word' id='word_1_301' title='bbox 1220 2030 1229 2045; x_wconf 84' lang='lat'>‚</span> <span class='ocrx_word' id='word_1_302' title='bbox 1269 2008 1319 2040; x_wconf 85' lang='lat' dir='ltr'>vel</span> <span class='ocrx_word' id='word_1_303' title='bbox 1363 2005 1539 2038; x_wconf 86' lang='lat' dir='ltr'>secundum</span> <span class='ocrx_word' id='word_1_304' title='bbox 1574 2000 1877 2042; x_wconf 82' lang='lat' dir='ltr'>Deshayesium</span> <span class='ocrx_word' id='word_1_305' title='bbox 1923 2003 2022 2040; x_wconf 86' lang='lat' dir='ltr'>atque</span> <span class='ocrx_word' id='word_1_306' title='bbox 2069 1999 2161 2030; x_wconf 84' lang='lat' dir='ltr'>Pre-</span> 
     </span>
     <span class='ocr_line' id='line_1_31' title="bbox 495 2057 2163 2106; baseline -0.01 -5"><span class='ocrx_word' id='word_1_307' title='bbox 495 2070 678 2101; x_wconf 84' lang='lat' dir='ltr'>vostium</span> <span class='ocrx_word' id='word_1_308' title='bbox 702 2066 851 2099; x_wconf 85' lang='lat' dir='ltr'>inservire</span> <span class='ocrx_word' id='word_1_309' title='bbox 873 2065 914 2095; x_wconf 92' lang='lat' dir='ltr'>ad</span> <span class='ocrx_word' id='word_1_310' title='bbox 939 2074 1062 2106; x_wconf 82' lang='lat' dir='ltr'>sperma</span> <span class='ocrx_word' id='word_1_311' title='bbox 1085 2063 1222 2094; x_wconf 84' lang='lat' dir='ltr'>durante</span> <span class='ocrx_word' id='word_1_312' title='bbox 1253 2063 1461 2105; x_wconf 80' lang='lat' dir='ltr'>copulatione</span> <span class='ocrx_word' id='word_1_313' title='bbox 1484 2057 1730 2100; x_wconf 82' lang='lat' dir='ltr'>accipiendum,</span> <span class='ocrx_word' id='word_1_314' title='bbox 1763 2065 1830 2096; x_wconf 89' lang='lat' dir='ltr'>quo</span> <span class='ocrx_word' id='word_1_315' title='bbox 1851 2059 1928 2086; x_wconf 88' lang='lat' dir='ltr'>tunc</span> <span class='ocrx_word' id='word_1_316' title='bbox 1954 2065 2038 2092; x_wconf 76' lang='lat' dir='ltr'>ova,</span> <span class='ocrx_word' id='word_1_317' title='bbox 2063 2064 2163 2095; x_wconf 85' lang='lat' dir='ltr'>quum</span> 
     </span>
    </p>
   </div>
   <div class='ocr_carea' id='block_1_8' title="bbox 493 2109 2166 2197">
    <p class='ocr_par' dir='ltr' id='par_1_11' title="bbox 493 2109 2166 2197">
     <span class='ocr_line' id='line_1_32' title="bbox 493 2109 2166 2168; baseline -0.008 -13"><span class='ocrx_word' id='word_1_318' title='bbox 493 2127 698 2168; x_wconf 76' lang='lat' dir='ltr'>deponuntur</span> <span class='ocrx_word' id='word_1_319' title='bbox 710 2145 720 2160; x_wconf 85' lang='grc'><em>,</em></span> <span class='ocrx_word' id='word_1_320' title='bbox 751 2119 1024 2152; x_wconf 81' lang='lat' dir='ltr'>foecundarentur</span> <span class='ocrx_word' id='word_1_321' title='bbox 1035 2142 1044 2157; x_wconf 84' lang='lat'>‚</span> <span class='ocrx_word' id='word_1_322' title='bbox 1080 2119 1127 2151; x_wconf 86' lang='lat' dir='ltr'>vel</span> <span class='ocrx_word' id='word_1_323' title='bbox 1147 2119 1314 2150; x_wconf 87' lang='lat' dir='ltr'>materiem</span> <span class='ocrx_word' id='word_1_324' title='bbox 1334 2118 1511 2149; x_wconf 84' lang='lat' dir='ltr'>secerneret</span> <span class='ocrx_word' id='word_1_325' title='bbox 1523 2135 1532 2151; x_wconf 83' lang='grc'><strong>.</strong></span> <span class='ocrx_word' id='word_1_326' title='bbox 1563 2111 1741 2144; x_wconf 86' lang='lat' dir='ltr'>secundum</span> <span class='ocrx_word' id='word_1_327' title='bbox 1770 2110 1794 2142; x_wconf 94' lang='lat' dir='ltr'>C</span> <span class='ocrx_word' id='word_1_328' title='bbox 1804 2111 1888 2142; x_wconf 79' lang='lat' dir='ltr'>uvie</span> <span class='ocrx_word' id='word_1_329' title='bbox 1898 2112 1931 2142; x_wconf 85' lang='lat' dir='ltr'>ri</span> <span class='ocrx_word' id='word_1_330' title='bbox 1944 2122 1964 2142; x_wconf 90' lang='lat' dir='ltr'>u</span> <span class='ocrx_word' id='word_1_331' title='bbox 1974 2121 2006 2143; x_wconf 87' lang='lat' dir='ltr'>m</span> <span class='ocrx_word' id='word_1_332' title='bbox 2019 2133 2027 2147; x_wconf 86' lang='lat'>,</span> <span class='ocrx_word' id='word_1_333' title='bbox 2061 2110 2088 2142; x_wconf 92' lang='lat' dir='ltr'>O</span> <span class='ocrx_word' id='word_1_334' title='bbox 2099 2109 2121 2142; x_wconf 89' lang='lat' dir='ltr'>k</span> <span class='ocrx_word' id='word_1_335' title='bbox 2130 2120 2166 2141; x_wconf 84' lang='lat' dir='ltr'>e-</span> 
     </span>
     <span class='ocr_line' id='line_1_33' title="bbox 2050 2175 2160 2197; baseline -0.009 0"><span class='ocrx_word' id='word_1_336' title='bbox 2050 2175 2072 2197; x_wconf 87' lang='lat' dir='ltr'>n</span> <span class='ocrx_word' id='word_1_337' title='bbox 2081 2177 2091 2196; x_wconf 86' lang='grc' dir='ltr'>ι</span> <span class='ocrx_word' id='word_1_338' title='bbox 2100 2175 2120 2197; x_wconf 87' lang='lat' dir='ltr'>u</span> <span class='ocrx_word' id='word_1_339' title='bbox 2130 2175 2160 2196; x_wconf 89' lang='lat' dir='ltr'>m</span> 
     </span>
    </p>
   </div>
   <div class='ocr_carea' id='block_1_9' title="bbox 474 2255 2163 2358">
    <p class='ocr_par' dir='ltr' id='par_1_12' title="bbox 474 2255 2163 2358">
     <span class='ocr_line' id='line_1_34' title="bbox 524 2255 2163 2304; baseline -0.007 -11"><span class='ocrx_word' id='word_1_340' title='bbox 524 2272 533 2304; x_wconf 90' lang='lat'><strong>(</strong></span> <span class='ocrx_word' id='word_1_341' title='bbox 550 2269 581 2302; x_wconf 75' lang='grc' dir='ltr'>ι)</span> <span class='ocrx_word' id='word_1_342' title='bbox 599 2264 665 2293; x_wconf 84' lang='lat' dir='ltr'>Vid.</span> <span class='ocrx_word' id='word_1_343' title='bbox 685 2262 738 2290; x_wconf 81' lang='lat' dir='ltr'>hae</span> <span class='ocrx_word' id='word_1_344' title='bbox 757 2265 786 2291; x_wconf 84' lang='lat' dir='ltr'>iu</span> <span class='ocrx_word' id='word_1_345' title='bbox 807 2274 837 2291; x_wconf 81' lang='lat' dir='ltr'><strong>re</strong></span> <span class='ocrx_word' id='word_1_346' title='bbox 856 2264 880 2294; x_wconf 78' lang='lat' dir='ltr'>J.</span> <span class='ocrx_word' id='word_1_347' title='bbox 906 2262 1064 2297; x_wconf 63' lang='lat' dir='ltr'>Manet,</span> <span class='ocrx_word' id='word_1_348' title='bbox 1090 2263 1127 2291; x_wconf 81' lang='lat' dir='ltr'>de</span> <span class='ocrx_word' id='word_1_349' title='bbox 1148 2262 1343 2300; x_wconf 78' lang='lat' dir='ltr'>glandulamm</span> <span class='ocrx_word' id='word_1_350' title='bbox 1365 2260 1564 2289; x_wconf 65' lang='lat' dir='ltr'>sacamentum</span> <span class='ocrx_word' id='word_1_351' title='bbox 1590 2261 1730 2287; x_wconf 74' lang='lat' dir='ltr'>structura</span> <span class='ocrx_word' id='word_1_352' title='bbox 1748 2256 1884 2292; x_wconf 72' lang='lat' dir='ltr'>penitiori</span> <span class='ocrx_word' id='word_1_353' title='bbox 1903 2263 2051 2292; x_wconf 75' lang='lat' dir='ltr'>earumque</span> <span class='ocrx_word' id='word_1_354' title='bbox 2068 2255 2163 2290; x_wconf 67' lang='lat' dir='ltr'>prima</span> 
     </span>
     <span class='ocr_line' id='line_1_35' title="bbox 474 2310 1092 2358; baseline -0.011 -13"><span class='ocrx_word' id='word_1_355' title='bbox 474 2316 656 2358; x_wconf 69' lang='lat' dir='ltr'>formatione.</span> <span class='ocrx_word' id='word_1_356' title='bbox 678 2310 751 2348; x_wconf 75' lang='lat' dir='ltr'>Lips.</span> <span class='ocrx_word' id='word_1_357' title='bbox 772 2313 844 2339; x_wconf 74' lang='lat'><strong>1830.</strong></span> <span class='ocrx_word' id='word_1_358' title='bbox 862 2311 933 2338; x_wconf 77' lang='lat' dir='ltr'>Tab.</span> <span class='ocrx_word' id='word_1_359' title='bbox 957 2312 987 2339; x_wconf 75' lang='grc' dir='ltr'>ιδ</span> <span class='ocrx_word' id='word_1_360' title='bbox 1005 2314 1033 2337; x_wconf 81' lang='lat' dir='ltr'>et</span> <span class='ocrx_word' id='word_1_361' title='bbox 1052 2311 1092 2338; x_wconf 74' lang='grc' dir='ltr'>ιδ.</span> 
     </span>
    </p>
   </div>
  </div>
 </body>
</html>
