2361 2974
473 218 515 251 se
1037 208 1597 248 nevsRLOREN,

478 310 580 342 eredit
593 316 604 345 ‚·
627 311 661 339 ut
683 306 845 338 materiem
870 304 909 334 ad
932 307 1083 333 testarum
1119 301 1342 332 formationem
1376 300 1594 331 inservientem
1626 299 1797 341 producat.
1842 298 1994 339 Organon
2012 300 2090 330 illud
2113 301 2144 331 in

478 367 651 407 Lymnaea
680 361 837 402 stagnale?
869 360 901 390 in
940 358 1005 389 duo
1040 358 1103 388 alia
1133 357 1308 393 dividitur,
1342 367 1478 397 quorum
1504 367 1621 392 unum,
1653 356 1706 387 die
1732 354 1985 390 Matterdruse,
2012 356 2145 386 alterum

478 423 531 452 die
554 419 807 452 Hodendrihse,
832 425 929 455 quam
951 425 1023 444 cum
1047 418 1189 455 prostata
1213 413 1411 453 superiorum
1429 413 1615 442 animalium
1640 415 1830 451 comparat,
1854 410 1981 441 vocavit
2005 409 2084 450 (1..)

519 475 728 507 Functionem
751 472 861 512 organi
882 471 944 500 das
977 470 1122 511 dric‘sz'ge
1144 468 1366 500 stlatterband
1393 467 1568 507 (glandula
1593 466 1788 507 prostatica,
1814 476 1887 506 pars
1913 466 2047 496 testiculi
2080 465 2149 495 Cu-

479 530 624 569 vierii)
651 539 716 559 esse
740 529 910 568 opinatur,
936 530 970 556 ut
988 526 1134 556 materies
1156 525 1315 567 glutinosa
1344 523 1491 564 (lasela)
1520 523 1560 553 ab
1582 523 1637 554 illa
1664 526 1898 557 secerneretur,
1923 532 2066 562 quaeum
2091 531 2150 551 ova

480 588 685 618 obducuntur
706 583 784 623 (2).

524 640 706 673 vesiculam
730 649 795 669 non
826 638 867 669 ad
892 647 1013 679 organa
1040 636 1252 678 generationis
1283 636 1440 677 pertinere
1468 634 1565 669 dicit.
1593 633 1647 663 sed
1680 636 1826 664 vesto-am
1860 634 2053 663 zer-[nariam
2086 641 2151 661 esse

482 701 591 739 putat,
617 695 695 737 quia
714 694 891 725 observavit
913 694 945 724 in
966 694 1098 723 limace
1122 696 1203 722 atro
1225 691 1553 722 communicationem
1576 699 1674 730 parvo
1702 689 1803 719 ductu
1826 690 2005 719 excretorio
2027 688 2153 718 exsiste·

482 765 516 784 re
538 753 619 783 inter
643 752 807 782 sacculum
831 750 1014 780 calc-areum
1046 747 1438 779 Swammerdammii
1471 750 1569 785 atque
1597 745 1730 775 ductum
1753 746 1964 775 excretorium
1985 744 2153 774 vesiculae.

485 811 591 849 Quum
613 817 699 839 nunc
724 806 740 836 J
754 805 939 837 acobsen
958 805 990 834 in
1011 804 1142 834 sacculo
1165 803 1314 834 calcareo
1338 801 1466 832 acidum
1501 800 1624 831 urieum
1652 800 1806 830 invenerit
1828 800 1890 841 (3)
1909 822 1917 836 ‚
1950 800 1996 829 uti
2019 799 2051 828 in
2071 798 2155 828 reni-

484 867 543 896 bus
572 869 603 895 et
637 862 741 894 vesica
767 861 907 892 urinaria
935 861 1134 900 superiorum
1167 859 1353 888 animalium
1377 857 1559 892 invenitur,
1589 855 1731 896 sequitur
1761 865 1907 896 organon
1937 855 2018 885 illud
2050 863 2156 883 renem

485 927 582 962 atque
604 920 698 960 igitur
713 916 809 948 etiam
833 916 1002 946 vesiculam
1017 939 1024 952 ,
1050 925 1192 957 quacum
1207 915 1306 944 ductu
1330 913 1568 947 communicat,
1588 912 1726 942 vesicam
1739 921 1803 942 esse
1824 911 2008 941 urinariam.
2053 909 2156 939 Etiam

488 975 740 1008 Treviranus
759 982 791 1002 se
811 971 941 1002 acidum
964 972 1042 1002 illud
1065 973 1096 1002 in
1116 971 1245 1002 sacculo
1277 969 1425 1000 calcareo
1458 968 1649 1008 lyntnaeae
1679 966 1855 1008 stagnans
1885 967 2036 997 invenisse
2059 969 2159 995 testa-

488 1038 560 1068 tur,
584 1041 650 1062 non
668 1038 742 1059 vero
765 1028 797 1058 in
817 1027 965 1057 vesicula.
1010 1028 1067 1057 llla
1106 1024 1356 1057 communicatio
1378 1033 1452 1054 vero
1477 1033 1542 1053 non
1566 1033 1688 1063 semper
1723 1023 1832 1053 locum
1863 1021 1979 1059 habet3
2003 1021 2058 1051 sed
2079 1020 2158 1050 dicit

489 1088 585 1119 etiam
603 1086 636 1116 in
659 1083 872 1124 superioribus
897 1081 1086 1112 animalibus
1108 1082 1196 1111 illam
1219 1091 1285 1111 non
1306 1089 1427 1119 semper
1452 1078 1583 1109 existere
1608 1078 1748 1109 vesicam
1767 1077 1851 1107 inter
1875 1081 1906 1106 et
1930 1087 2018 1108 renes
2044 1075 2124 1116 (4).

532 1142 646 1171 Postea
676 1142 781 1168 autem
806 1137 846 1167 de
876 1137 1037 1168 nonnullis
1057 1136 1243 1167 sententiam
1271 1145 1360 1164 suam
1388 1134 1522 1164 mutavit
1549 1133 1636 1174 (5),
1670 1133 1845 1174 praecipue
1878 1132 1990 1173 quoad
2016 1140 2135 1172 organa
2153 1152 2161 1165 ,

491 1206 576 1239 quae
605 1196 658 1226 dz'e
681 1192 913 1224 Multerclriise
933 1196 962 1221 et
990 1192 1053 1221 cla-s·
1087 1189 1377 1230 fraubensermzjge
1417 1188 1537 1229 Organ
1559 1192 1749 1226 vocaverat3
1783 1197 1883 1228 quum
1914 1188 2002 1218 dicat
2023 1196 2055 1217 se
2075 1186 2163 1217 iuve-

489 1253 570 1284 nisse
588 1250 699 1282 ovain
719 1248 774 1278 die
797 1245 1029 1276 Musam-druse
1049 1251 1146 1286 atque
1173 1247 1269 1287 igitur
1300 1253 1445 1285 organon
1474 1241 1555 1273 illud
1582 1244 1753 1278 ovarium,
1786 1247 1886 1283 atque
1909 1242 1973 1272 das
2006 1240 2167 1271 trauben-

484 1308 640 1349 sormige
667 1304 787 1346 Orgatz
810 1300 1001 1332 testiculum
1029 1312 1114 1337 esse,
1138 1300 1179 1331 de
1201 1299 1318 1341 quibus
1340 1299 1386 1329 uti
1408 1298 1504 1329 etiam
1527 1297 1567 1328 de
1588 1296 1749 1328 nonnullis
1771 1297 1840 1327 aliis
1861 1297 2026 1337 sequentia
2049 1294 2163 1327 habet:

495 1376 510 1393 ι(
531 1358 700 1391 Neuerlieh
730 1358 806 1389 send
831 1356 883 1388 ich
914 1356 1017 1387 indess
1038 1355 1089 1385 bei
1111 1355 1197 1385 einer
1217 1354 1503 1389 Nacktschnecke,
1529 1353 1581 1382 die
1600 1351 1653 1382 ich
1672 1352 1778 1391 gleich
1799 1352 1884 1381 nach
1910 1352 1967 1380 der
1984 1350 2165 1389 Begattung

494 1429 510 1447 «
531 1414 668 1448 fiffnete,
700 1413 732 1441 in
763 1413 881 1441 diesem
906 1409 1111 1450 Eingeweide
1141 1409 1243 1438 runde
1273 1407 1451 1442 Bliischen,
1474 1405 1604 1437 welche
1629 1404 1688 1435 das
1720 1403 1866 1434 Ansehen
1884 1403 2069 1435 wirklicher
2099 1403 2169 1433 Eier

496 1484 511 1502 «
532 1469 654 1498 hatten.
698 1465 801 1494 Dieses
825 1463 932 1503 Organ
947 1483 955 1496 ‚
982 1462 1039 1489 ‹las
1059 1460 1111 1490 ich
1130 1459 1238 1488 friiher
1252 1459 1304 1488 die
1327 1457 1561 1488 Mutterclru'se
1584 1460 1726 1494 genannt
1746 1455 1850 1493 habe,
1874 1455 1996 1487 scheint
2017 1456 2084 1486 also
2111 1456 2167 1486 der

497 1540 511 1555 «
533 1520 697 1552 Eierstock
717 1529 756 1549 zu
782 1528 869 1559 seyn.
913 1516 969 1545 Die
996 1515 1128 1554 iibrigen
1149 1513 1268 1543 Driisen
1289 1523 1330 1543 an
1356 1512 1419 1542 den
1436 1508 1723 1550 Zeugungstheilen
1746 1510 1803 1541 der
1825 1510 2017 1542 Schnecken
2038 1511 2169 1541 konnen

498 1592 513 1610 «
534 1588 593 1608 nur
611 1586 666 1606 zur
692 1574 859 1605 Seeretion
883 1570 1049 1602 entweder
1069 1568 1153 1598 eines
1179 1566 1284 1603 sans.
1310 1566 1451 1599 welcher
1484 1566 1558 1597 (lem
1587 1565 1644 1596 der
1671 1565 1902 1599 Prostatarder
1922 1566 2108 1608 Siiugthiere
2129 1577 2169 1596 zu

2067 1635 2083 1654 ((
2104 1631 2172 1653 Vel'·

539 1728 589 1762 (ι)
610 1726 693 1760 Quod
723 1726 751 1752 in
775 1727 918 1760 Lymnaea
940 1723 1062 1757 stagnali
1082 1721 1124 1748 die
1148 1718 1334 1746 Hodendrasc
1356 1718 1463 1746 vocavit
1478 1739 1485 1752 ,
1512 1718 1637 1746 ovarium
1660 1720 1715 1749 est,
1751 1721 1834 1752 atque
1861 1715 1942 1751 igitur
1965 1714 2035 1741 illud
2059 1715 2171 1751 proprie

504 1777 548 1803 die
571 1775 763 1802 Mulier-druse
787 1780 883 1799 vocare
906 1770 1063 1802 debuisset,
1083 1769 1148 1794 dum
1172 1766 1300 1793 hocloco
1324 1767 1369 1794 die
1387 1766 1575 1794 Mutterdrzzse
1598 1764 1736 1801 peculiare
1757 1769 1799 1790 est
1830 1772 1951 1799 organon
1976 1763 2152 1789 secretorium
2167 1782 2174 1795 ‚

506 1823 581 1859 quod
603 1827 708 1849 tantum
727 1823 757 1848 in
775 1822 917 1855 ernaea
940 1823 1023 1853 atque
1046 1815 1185 1842 Planorbe
1204 1812 1381 1841 observamus
1393 1834 1401 1848 ,
1420 1819 1448 1841 et
1468 1814 1545 1850 quod
1571 1822 1620 1839 nos
1637 1812 1796 1850 glandulam
1812 1811 1952 1838 oviductus
1974 1809 2137 1837 vocavimus.

542 1871 595 1905 (2)
613 1870 746 1906 Orgauon
763 1867 833 1895 illud
856 1876 912 1892 non
937 1865 1074 1902 pertinere
1096 1863 1130 1889 ad
1161 1871 1264 1897 organa
1285 1861 1425 1894 feminea,
1454 1871 1552 1890 verum
1581 1861 1615 1886 ad
1637 1859 1786 1886 masculina
1800 1877 1809 1891 ‚
1848 1867 1898 1884 uos
1931 1857 2012 1883 docet
2038 1861 2174 1883 structura

507 1920 629 1945 Limacis
651 1920 772 1950 cinerei,
792 1914 839 1941 ubi
864 1913 958 1940 ductui
974 1911 1098 1939 seminali
1113 1931 1120 1943 ‚
1145 1919 1202 1936 non
1223 1917 1287 1937 vero
1311 1909 1453 1938 oviductui
1483 1909 1633 1940 adhaeret,
1661 1912 1744 1942 atque
1767 1905 1840 1932 idem
1869 1910 1913 1932 est
1939 1914 2082 1940 organon,
2101 1904 2175 1940 quod

507 1967 551 1992 Tr
563 1974 576 1992 e
588 1965 722 1993 viranu
735 1975 746 1990 s
774 1964 801 1990 iu
820 1962 959 1990 Planorhe
972 1969 1070 1988 corneo
1090 1960 1135 1985 die
1163 1961 1256 1985 Druse
1277 1957 1324 1984 des
1343 1957 1547 1984 Rurhencanals
1566 1956 1679 1984 vocavit.

544 2013 598 2047 (3)
618 2012 743 2039 Journal
759 2011 791 2038 de
809 2013 962 2047 Plzyszffue,
983 2010 1056 2033 'som
1078 2007 1154 2032 Xlll.
1179 2016 1206 2042 p.
1229 2008 1289 2033 318.

546 2062 602 2094 (4)
622 2060 754 2096 Orgauou
774 2059 861 2092 illud,
882 2058 955 2094 quod
975 2055 1197 2082 Treviranus
1216 2053 1328 2079 ductum
1345 2060 1404 2078 esse
1429 2051 1516 2085 dicit,
1541 2050 1622 2077 etiam
1645 2049 1672 2075 in
1691 2050 1802 2076 Limace
1824 2051 1888 2087 rufo
1908 2047 1998 2075 inveni
2013 2068 2020 2080 ‚
2040 2056 2095 2073 non
2115 2056 2178 2074 vero

515 2107 584 2134 illud
611 2106 745 2133 orificium
768 2107 873 2133 habere
895 2110 923 2132 iu
955 2105 1038 2130 ductu
1063 2101 1214 2127 excretor'io
1245 2100 1379 2128 vesiculae
1403 2108 1494 2134 neque
1523 2099 1605 2124 etiam
1636 2098 1663 2123 in
1699 2096 1836 2131 renibus;
1859 2097 1908 2125 sed
1941 2096 2050 2122 videtur
2079 2105 2179 2130 parvus

514 2163 573 2180 esse
600 2154 737 2181 musculus
758 2155 811 2181 suh
833 2153 945 2181 renibus
977 2148 1179 2187 diaphragmati
1203 2148 1318 2181 affixus,
1347 2148 1433 2174 altera
1466 2155 1532 2175 vero
1555 2145 1725 2172 extremitate
1747 2144 1843 2171 ductui
1867 2144 2019 2171 excretorio
2046 2142 2178 2169 vesiculae

514 2201 554 2228 uti
575 2201 656 2227 etiam
679 2202 783 2227 sacculo
807 2201 946 2228 communi
970 2197 1162 2236 generationis.

561 2250 622 2283 (5)
645 2249 680 2277 G.
700 2249 733 2275 R.
757 2249 1010 2280 Treviranus,
1039 2247 1083 2274 die
1110 2245 1332 2279 Erschet'nungen
1367 2244 1421 2270 und
1451 2243 1563 2269 Gesetze
1588 2241 1635 2268 des
1665 2241 1845 2277 organischcn
1879 2238 2000 2269 Lebem,
2042 2234 2127 2262 Baud.
2146 2234 2182 2263 II.

513 2296 598 2323 Abth.
618 2306 641 2324 2.
674 2296 701 2325 S,
721 2305 763 2332 ²9·
794 2294 911 2323 Bremeu
933 2296 1005 2322 1833.
1041 2293 1267 2321 Tiedemann
1287 2290 1344 2318 und
1361 2289 1584 2318 Treviranus
1598 2310 1606 2324 ‚
1625 2285 1913 2321 zgiescmflzrfhys.
1926 2303 1934 2318 ν
1954 2283 2001 2312 ssd·
2018 2282 2053 2311 V·
2079 2283 2104 2310 S·
2127 2286 2182 2313 1ἁο-
