2361 2974
417 255 712 292 RESPONSIO
746 265 794 289 An
829 253 1204 296 QUAESTIONEM
1240 244 1603 289 zoo'LOGICAM.
1812 252 1852 288 19

216 350 404 388 resticulus
431 350 510 393 (fig.
530 350 584 383 40.
608 351 695 389 x.),
727 349 760 381 in
783 347 960 390 posteriore
988 351 1133 392 corporis
1159 351 1250 390 parte
1278 348 1337 380 sub
1361 347 1514 380 intestinis
1539 346 1679 389 positus,
1703 346 1736 378 in
1768 346 1849 379 duas

171 411 326 443 dividitur
346 411 476 448 parteS,
501 416 586 447 quae
613 407 794 447 liquorem,
818 413 915 444 quem
942 406 1130 443 continent,
1154 405 1187 436 in
1209 413 1281 435 vase
1301 403 1464 436 deferente
1491 403 1669 444 deponunt.

216 466 280 497 Vas
314 462 474 504 deferens
499 461 578 505 (fig.
600 461 654 493 40.
679 460 741 502 Y..)
776 469 880 491 rursus
912 459 1099 502 frequenter
1127 459 1288 502 plicatur,
1323 464 1423 501 atque
1455 460 1600 491 orarium
1625 457 1737 489 transit
1765 457 1845 499 (1).

171 523 307 553 Ductus
329 532 365 558 μ.
388 531 425 558 μ.
448 522 493 548 est
513 527 570 549 vas
592 522 708 553 tenue,
734 516 1010 558 agglomeratum,
1036 516 1132 557 triplo
1159 515 1383 557 quadruplove
1403 515 1549 557 longius,
1573 523 1673 555 quam
1702 522 1842 555 corpus,

174 584 204 606 et
229 578 341 607 dextro
363 574 425 604 oris
450 575 550 605 latere
568 577 728 615 positum,
753 572 844 613 quod
866 571 995 602 bursam
1024 570 1104 612 (fig.
1124 568 1177 600 40.
1203 571 1268 612 Ψ.)
1294 575 1440 613 penetrat
1469 580 1545 601 cum
1569 569 1742 601 eminentia
1767 567 1843 610 (fig.

174 633 227 664 41.
252 631 308 669 F.)
327 653 336 667 ,
361 630 414 661 cui
435 638 572 659 acumen
599 637 733 670 parvum
758 637 912 658 corneum
942 625 1124 666 impositum
1145 629 1204 657 est.

218 687 333 717 Barsa
363 685 418 715 illa
456 684 536 725 (fig.
559 683 613 714 40.
638 682 689 723 c.)
725 682 950 713 membranosa
984 685 1116 711 externe
1149 680 1308 711 orificium
1348 678 1468 714 habet,
1500 677 1634 719 ejusque
1666 677 1784 710 fundus
1816 678 1849 710 in

176 741 302 772 duobus
327 739 461 771 sacculis
482 739 613 774 desinit,
639 748 776 779 quorum
804 738 941 779 quisque
976 736 1110 766 ductum
1143 735 1273 777 accipit.
1320 734 1496 766 Saeculum
1527 734 1718 764 anteriorem
1751 733 1852 765 ductu

176 797 318 827 seminali
344 794 504 835 penetrari
521 793 592 835 jam
619 793 770 830 vidimus3
794 792 827 823 in
852 791 1029 833 posteriore
1054 801 1129 822 vero
1149 801 1295 833 organon
1315 791 1480 832 peculiare
1502 789 1673 820 mirificum
1697 789 1848 829 aperitur.

219 851 373 891 Organon
397 849 476 879 illud
504 848 579 890 (fig.
604 847 656 880 40.
681 859 709 880 e.
731 848 763 880 d.
789 854 829 882 Δ.
854 847 914 888 D.)
940 856 1090 888 magnam
1121 847 1268 878 caritatis
1294 845 1508 877 abdominalis
1532 850 1656 886 partem
1684 849 1853 884 occupat,

177 911 275 946 atque
311 915 370 946 per
397 908 499 934 totam
532 914 622 934 suam
659 904 891 945 longitudinem
929 903 1065 944 insignes
1093 901 1177 932 subit
1205 906 1383 932 structurae
1417 900 1620 932 mutationes.
1674 899 1750 931 Pars
1784 899 1851 940 ejus

176 960 333 1002 posterior
357 958 435 1000 (fig,
461 957 513 989 40.
538 969 566 990 e.
591 957 646 998 e.)
673 960 773 990 octies
800 959 947 1000 longior,
972 968 1073 1000 quam
1093 958 1190 1000 ipsius
1213 958 1361 989 animalis
1381 967 1520 998 corpus,
1546 960 1591 986 est
1622 964 1678 986 vas
1710 955 1851 995 amplum

176 1015 353 1056 parietibus
383 1014 547 1050 tenuibus,
581 1017 767 1045 contorsum
792 1019 890 1055 atque
924 1015 1138 1055 replicatum,
1173 1013 1266 1056 cujus
1290 1013 1434 1044 diversae
1461 1011 1680 1043 contorsiones
1704 1010 1745 1041 ab
1770 1015 1852 1041 arte-

175 1072 223 1101 ria
258 1079 399 1110 magna,
432 1077 518 1109 quae
544 1068 686 1098 ramulos
721 1069 843 1110 ubique
889 1070 1065 1111 dispergit,
1098 1070 1351 1112 conjunguntur.
1404 1067 1437 1098 Si
1475 1066 1638 1107 aperitur,
1672 1066 1850 1108 particula(-

176 1125 304 1157 albidae
338 1129 437 1166 atque
469 1125 617 1156 materies
647 1125 806 1166 glutinosa
842 1124 1053 1166 aliquomodo
1089 1125 1271 1166 nigrescens
1297 1125 1427 1156 obviam
1449 1123 1598 1160 veniunt3
1635 1120 1700 1153 hoc
1728 1131 1850 1163 organo

178 1185 376 1222 conspecte,
400 1191 503 1212 massa
527 1180 671 1221 elliptica
696 1178 779 1221 (fig.
802 1179 854 1211 40.
880 1179 935 1220 d.)
962 1180 1094 1221 prodit,
1130 1181 1318 1211 muscularis
1349 1185 1380 1210 et
1404 1179 1504 1216 dura,
1529 1188 1586 1221 per
1608 1186 1707 1218 quam
1732 1176 1849 1207 ductus

178 1238 312 1272 transit,
338 1236 395 1277 qui
417 1236 479 1266 hoc
510 1236 584 1266 loco
604 1235 698 1265 valde
730 1239 880 1275 angustus
910 1234 1067 1266 redditur.
1113 1236 1235 1267 Deinde
1263 1236 1351 1267 venit
1371 1235 1487 1267 ductus
1513 1233 1594 1276 (fig.
1616 1232 1670 1263 40.
1695 1239 1734 1265 Δ.
1759 1230 1823 1271 Δ.)
1839 1253 1850 1268 ,

177 1293 233 1331 qui
264 1301 337 1322 cum
369 1290 487 1331 glande
519 1291 702 1330 perforata,
736 1290 906 1329 praeputio
936 1290 1159 1326 circumdata,
1187 1292 1219 1321 in
1252 1291 1346 1321 bursa
1372 1290 1561 1321 terminatur
1592 1289 1671 1330 (fig.
1692 1287 1745 1319 41.
1774 1287 1852 1326 Ε.).’

174 1347 237 1380 Ber
271 1347 339 1386 ejus
371 1346 507 1386 parietes
540 1346 613 1375 loco
651 1345 687 1375 D.
719 1345 850 1375 aculeus
879 1345 961 1376 fusci
994 1346 1110 1376 coloris
1144 1347 1236 1377 valde
1266 1352 1379 1378 acutus
1410 1346 1563 1387 pellucet.
1609 1343 1645 1375 Si
1680 1341 1744 1372 hoc
1774 1342 1850 1372 loco

176 1403 293 1432 ductus
319 1400 460 1440 aperitur
481 1399 669 1438 pediculum
694 1397 777 1438 (fig.
798 1397 851 1428 41.
876 1398 914 1430 Ι),
931 1399 943 1439 )
960 1422 967 1435 ,
992 1400 1040 1430 uti
1075 1401 1306 1432 Cuvierius
1329 1401 1430 1436 dicit,
1454 1400 1669 1430 muscularem
1701 1397 1851 1426 observa-

174 1467 267 1492 muS,
293 1456 344 1487 cui
374 1454 504 1485 aculeus
527 1452 579 1483 ille
605 1452 802 1484 substantiae
831 1464 972 1487 corneae
1000 1456 1164 1496 impositus
1198 1460 1254 1484 est.
1304 1454 1478 1492 Quodnam
1503 1462 1578 1483 vero
1610 1450 1724 1480 horum
1753 1459 1850 1490 orga-

175 1520 290 1542 norum
322 1511 411 1551 penis
441 1506 620 1537 functiones
653 1510 790 1546 peragat
816 1509 963 1547 quaestio
985 1511 1060 1541 est?
1113 1507 1333 1539 Cuvierius
1363 1505 1496 1536 ductum
1520 1506 1662 1546 amplum
1687 1504 1768 1546 (fig.
1793 1505 1847 1536 40.

177 1570 221 1598 Δ.
245 1564 335 1605 is),
362 1563 418 1604 qui
447 1562 595 1594 aculeum
625 1562 787 1598 continet,
813 1572 930 1603 penem
956 1569 1051 1597 vocat
1077 1564 1155 1606 (2).
1768 1603 1797 1635 0

1800 1614 1855 1636 va-

214 1696 268 1732 (ι)
292 1694 354 1723 Hoc
377 1694 438 1723 loco
466 1693 613 1724 verisimile
630 1695 657 1723 in
681 1693 789 1723 ductum
804 1695 963 1724 seminalem
980 1697 1093 1730 transit,
1113 1695 1191 1731 cujus
1211 1692 1311 1722 ductus
1342 1692 1389 1732 lig.
1401 1697 1454 1728 40,
1473 1693 1504 1722 N.
1518 1691 1550 1724 N.
1567 1700 1651 1732 atquc
1668 1704 1696 1727 μ.
1709 1703 1739 1727 μ.
1757 1702 1851 1733 partes

176 1753 238 1771 esse
264 1744 403 1771 videntur.
439 1742 547 1769 Ductus
566 1743 640 1769 enim
659 1742 696 1770 N.
707 1743 740 1770 N.
752 1762 762 1778 ,
780 1752 864 1779 quem
886 1744 1087 1771 Cuvierius
1106 1744 1134 1770 in
1151 1743 1271 1771 vesicula
1291 1746 1420 1779 apertum
1441 1742 1608 1779 proposuit,
1627 1746 1710 1778 atque
1735 1744 1851 1772 ductum

177 1801 211 1822 μ,
224 1801 254 1822 μ-
274 1799 336 1816 cum
362 1788 505 1817 Okenio
532 1790 652 1816 eundem
673 1798 734 1817 esse
759 1790 874 1817 ductum
901 1791 1059 1824 credimus,
1084 1792 1120 1818 ita
1144 1795 1176 1818 ut
1201 1790 1300 1817 eadem
1330 1794 1468 1817 structura
1490 1787 1527 1814 ibi
1551 1788 1748 1818 observaretur
1766 1801 1797 1819 ac
1822 1794 1850 1820 in

180 1837 324 1863 Planorhe
340 1840 368 1863 et
388 1839 551 1871 Lymnaea,
569 1837 646 1872 quod
667 1846 769 1875 nempe
793 1838 891 1866 ductus
909 1839 1048 1866 seminatis
1066 1847 1156 1876 prope
1179 1837 1308 1873 vaginam
1326 1836 1380 1864 sub
1399 1839 1462 1862 cute
1481 1835 1591 1864 interna
1611 1838 1767 1867 musculosa
1787 1849 1852 1868 con-

185 1884 293 1917 fertur,
314 1883 415 1910 deinde
430 1892 495 1912 vero
514 1888 629 1920 propter
646 1884 735 1912 basim
754 1885 833 1922 penis
855 1895 949 1914 rursus
972 1886 1064 1923 prodit
1083 1890 1230 1923 antequam
1246 1884 1274 1911 in
1292 1885 1352 1921 ejus
1375 1882 1471 1920 organi
1486 1882 1593 1920 apicem
1613 1890 1750 1921 penetrat.
1773 1888 1850 1916 Hanc

187 1933 223 1958 ob
249 1940 357 1958 causam
380 1939 442 1957 cum
461 1930 544 1956 ductu
568 1931 694 1958 seminali
712 1937 868 1961 ceterorum
890 1934 1144 1962 Pneumonicorum
1162 1942 1323 1970 comparare
1343 1931 1455 1969 placuit.

220 1981 272 2013 (a)
299 1979 328 2005 Si
351 1987 418 2006 vero
442 1978 572 2005 Onchidii
601 1985 739 2009 structura
771 1990 833 2009 cum
865 1981 913 2008 illa
941 1983 1116 2019 Lymname,
1145 1989 1262 2017 quacum
1286 1979 1458 2017 potissimum
1483 1981 1630 2015 convenit,
1656 1990 1851 2021 comparatur,

185 2028 266 2054 bursa
289 2027 337 2054 illa
356 2025 419 2062 (fig.
434 2029 472 2057 [ιο.
491 2026 537 2060 c.)
554 2027 633 2063 penis
654 2033 726 2056 esset
748 2028 896 2063 habenda,
915 2039 985 2066 quae
1010 2029 1093 2056 bursa
1115 2027 1199 2063 igitur
1219 2027 1336 2054 durante
1357 2027 1534 2065 copulatione
1554 2032 1670 2055 externe
1693 2031 1782 2060 evolvi
1802 2033 1854 2061 de-

183 2076 280 2109 beret,
298 2075 365 2102 dum
387 2073 470 2102 simul
489 2073 585 2110 glans,
603 2085 722 2112 quacum
744 2078 773 2104 in
799 2076 883 2104 bursa
907 2077 1005 2104 ductus
1027 2072 1167 2101 seminalis
1187 2075 1332 2111 aperitur,
1358 2074 1501 2109 prodiret,
1533 2080 1618 2111 atque
1639 2075 1677 2102 sic
1702 2077 1856 2117 disposita,

183 2122 266 2150 simul
286 2130 348 2149 cum
369 2120 470 2157 glande
494 2120 542 2148 illa
564 2121 648 2151 bursa
673 2125 753 2161 penis
780 2126 947 2153 functionem
972 2126 1124 2159 perageret.
1172 2121 1251 2149 Hanc
1275 2124 1314 2150 ob
1342 2131 1455 2151 causam
1480 2121 1649 2150 Okenius
1674 2127 1756 2154 etiam
1778 2129 1853 2159 illam

185 2178 288 2206 penem
311 2173 407 2202 vocat,
426 2168 493 2196 dum
520 2170 639 2197 alterum
659 2172 774 2199 ductum
801 2172 864 2209 (fig,
879 2176 921 2205 fio.
938 2174 960 2197 Δ
981 2171 1030 2204 Δ.)
1046 2178 1109 2196 cum
1134 2169 1241 2198 sacculo
1265 2170 1362 2198 hastae
1388 2171 1537 2200 amatoriae
1561 2173 1669 2200 Helicis
1693 2182 1853 2213 comparat,

189 2215 316 2252 quocirca
345 2215 457 2242 ductum
481 2216 557 2243 illum
586 2226 687 2254 penem
708 2228 767 2246 esse
785 2219 946 2247 habendum
972 2223 1064 2254 negat.
1099 2217 1234 2253 Organon
1253 2227 1320 2245 vero
1340 2217 1410 2245 illud
1436 2224 1581 2256 tantopere
1602 2218 1694 2246 differt
1711 2232 1726 2248 a
1747 2224 1853 2251 sacculo

187 2264 235 2291 illo
266 2264 387 2296 Helfcis,
415 2267 448 2291 ut
469 2264 503 2290 ad
528 2264 737 2293 similitudinem
766 2267 938 2294 functionum
963 2265 1064 2292 horum
1095 2272 1263 2299 organorum
1294 2266 1461 2294 concludere
1489 2268 1566 2295 nullo
1599 2268 1683 2295 modo
1708 2270 1853 2305 possimuS.

188 2313 284 2345 Quum
305 2317 397 2339 autem
417 2313 444 2338 iu
463 2314 577 2340 caeteris
595 2314 737 2342 Motluscis
758 2315 819 2342 talis
845 2319 982 2342 structura
1001 2319 1058 2339 nou
1081 2310 1263 2345 observetur,
1284 2311 1384 2340 horum
1408 2322 1576 2351 organorum
1606 2315 1759 2343 functiones
1784 2316 1850 2342 mihi

189 2368 245 2386 nor.
267 2358 342 2396 prius
364 2359 494 2396 explicari
517 2369 599 2396 posse
620 2360 771 2396 videntur,
802 2366 950 2397 antequam
979 2359 1117 2396 copulatio
1140 2364 1265 2386 accurate
1289 2360 1434 2389 observata
1456 2361 1555 2396 fuerit,
1583 2362 1659 2399 quod
1686 2368 1777 2390 tamen
1799 2372 1853 2391 nou

192 2406 271 2434 facile
292 2406 463 2444 acquiretur3
483 2405 586 2435 animal
607 2408 680 2435 enim
705 2407 773 2435 illud
793 2408 860 2438 vivit
879 2407 909 2434 in
929 2405 999 2435 Mari
1022 2407 1115 2435 lndico
1134 2408 1169 2435 ad
1189 2407 1280 2435 littora
1301 2407 1461 2437 insularum.

1145 2456 1212 2487 C2
