2361 2974
441 231 731 267 RESPONSIO
760 241 816 264 n>-
842 226 1217 272 Qunsssrronnn
1250 216 1613 261 zo'oLochn.

1849 231 1869 261 ’.ιτ

710 407 991 424 -ᾴῡ-ὶὶ
1000 407 1018 422 Q
1026 406 1366 422 Ἇὶῥ·Ο--

623 560 930 606 PARS
1031 557 1449 607 PRIMA.

382 685 438 711 DE
466 683 728 710 ORGANORUM
755 683 1069 709 GENERATIONIS
1097 680 1352 708 STRUCTURA
1380 680 1420 706 IN
1447 680 1684 707 MOLLUSCIS

699 730 1033 756 GASTEROPODIS
1057 728 1363 756 PNEUMONIGIS.

977 864 1008 905 g.
1056 862 1094 894 i„

850 970 1040 1006 LIMAX.
1083 968 1203 1012 (Lam.
1217 972 1240 1014 ),

913 1049 995 1090 (rig.
1021 1047 1174 1088 1—10.)

196 1141 360 1195 Primum
377 1164 418 1195 ad
435 1163 643 1196 secretionem
665 1163 798 1205 liquoris
810 1163 980 1195 masculini
1001 1163 1174 1195 inserviens
1194 1172 1339 1204 organon
1358 1168 1402 1194 est
1417 1161 1596 1193 testiculus
1621 1160 1689 1203 (fig.
1712 1161 1725 1191 l
1748 1166 1779 1192 et
1801 1164 1830 1194 7.
1844 1173 1882 1197 α,

202 1222 257 1263 fig.
283 1221 333 1252 10.
358 1232 385 1252 r.
402 1220 435 1262 )‚
462 1222 517 1261 qui
534 1231 658 1261 semper
680 1221 712 1251 in
737 1220 884 1251 omnibus
910 1220 973 1260 (1)
1004 1220 1231 1251 Pneumonicis
1258 1230 1332 1250 eum
1352 1220 1476 1260 hepatis
1503 1220 1648 1260 portione
1674 1218 1812 1248 maxima
1836 1220 1885 1248 ul·

205 1278 317 1307 limam
351 1277 494 1318 corporis
528 1281 651 1318 partem
686 1281 839 1317 occupat.
894 1276 932 1307 In
960 1276 1094 1306 limace
1126 1275 1207 1315 rufo
1238 1276 1301 1316 (2)
1342 1276 1426 1306 inter
1456 1275 1580 1316 hepatis
1613 1275 1738 1306 lobulos
1766 1277 1885 1317 positus

202 1338 269 1369 est,
296 1333 428 1372 ejusque
454 1332 660 1373 magnitudo,
686 1333 733 1362 uti
758 1338 787 1362 et
811 1333 903 1363 color
918 1342 978 1373 pro
999 1332 1088 1363 vario
1120 1331 1195 1361 anni
1231 1334 1375 1372 tempore
1408 1331 1503 1362 valde
1526 1331 1642 1362 diffeit.
1689 1333 1762 1362 Post
1783 1343 1882 1373 copu-

200 1388 355 1418 lationem
379 1388 480 1424 enim,
505 1396 589 1426 quae
610 1387 798 1426 plerumque
819 1396 926 1416 mense
951 1387 1035 1416 Julio
1059 1392 1089 1416 et
1113 1387 1257 1427 Augusto
1285 1388 1395 1417 locum
1427 1387 1545 1423 habet,
1579 1399 1651 1417 eam
1683 1390 1881 1429 magnitudi-

205 1454 277 1475 nem
300 1443 397 1473 hahet
414 1466 421 1479 ,
447 1453 546 1483 quam
572 1441 625 1482 fig.
651 1443 676 1472 l.
699 1454 731 1472 a..
765 1442 1007 1482 proposuimus3
1038 1446 1151 1483 postea
1181 1452 1257 1472 vero
1290 1442 1387 1472 etiam
1413 1443 1508 1473 valde
1540 1443 1729 1474 diminuitur
1767 1450 1797 1475 et
1828 1447 1883 1476 tuli

204 1499 328 1529 ratione
347 1503 471 1533 manet,
499 1498 605 1527 donec
634 1497 754 1527 vernali
776 1501 918 1537 tempore
943 1507 1048 1526 rursus
1069 1497 1170 1537 magis
1201 1498 1368 1537 magisque
1396 1499 1554 1539 augescit,
1593 1504 1712 1540 atque,
1750 1501 1886 1532 instante

205 1555 412 1595 copulatione
427 1577 434 1589 ,
461 1553 623 1594 duplicem
649 1551 714 1584 sere
730 1553 984 1594 magnitudinem
1000 1575 1008 1591 ,
1033 1563 1132 1593 quam
1153 1557 1223 1594 post
1243 1557 1410 1593 peractam
1428 1554 1516 1584 illam
1549 1555 1747 1586 functionem
1775 1557 1883 1590 refert.

249 1611 423 1639 'resticulus
448 1610 640 1640 extrinsecus
660 1610 845 1639 membrana
861 1610 953 1649 nigra
975 1609 1154 1639 tenuissima
1184 1608 1315 1638 indutus
1344 1614 1407 1646 est,
1437 1621 1541 1650 quae,
1568 1622 1667 1652 quum
1692 1612 1771 1643 illud
1788 1624 1882 1654 orga-

188 1675 270 1697 -non
290 1675 381 1694 suurn
402 1665 561 1705 liquorem
582 1666 738 1703 emiserit,
765 1665 953 1706 adspectum
971 1664 1096 1705 nigrum
1122 1665 1167 1694 illi
1182 1665 1338 1704 praebet;
1364 1667 1506 1697 cinereus
1528 1677 1604 1697 vero
1631 1668 1738 1708 prodit
1769 1670 1878 1705 color,

206 1721 339 1762 quando
373 1722 491 1751 semine
523 1727 645 1757 scatet,
680 1732 780 1761 quum
812 1720 937 1751 albidus
968 1720 1062 1761 hujus
1095 1721 1227 1761 liquoris
1258 1722 1349 1752 color
1381 1721 1423 1752 ob
1458 1723 1666 1754 membranae
1697 1725 1885 1756 tenuitatem

205 1779 378 1819 pelluceat.
434 1777 594 1808 Dividitur
622 1779 653 1808 in
680 1778 760 1808 duas
793 1788 927 1819 magnas
957 1782 1081 1819 partes,
1116 1787 1215 1808 unam
1247 1777 1467 1817 dextrorsum,
1501 1779 1696 1810 sinistrosum
1724 1781 1880 1819 alteram,

206 1836 286 1865 inter
306 1844 388 1874 quas
413 1844 465 1864 vas
491 1834 591 1864 oritur
619 1833 764 1864 deferens
787 1845 804 1864 e
832 1834 969 1865 vasculis
997 1832 1200 1864 efferentibus
1225 1834 1363 1864 testiculi
1388 1834 1469 1876 (fig.
1493 1834 1523 1865 4.
1548 1835 1609 1875 ψ.)
1629 1859 1636 1872 ,
1666 1848 1766 1878 quum
1793 1840 1885 1869 simul

209 1890 322 1920 arteria
345 1889 493 1930 liepatica
520 1889 595 1931 (fig.
618 1891 646 1920 l.
674 1890 725 1922 bb.
740 1891 751 1931 )
769 1914 777 1926 ,
802 1900 888 1931 quae
912 1899 1018 1920 ramos
1036 1899 1094 1931 per
1117 1890 1299 1921 testiculum
1327 1891 1499 1932 dispergit,
1525 1901 1663 1932 quorum
1691 1904 1751 1935 ope
1784 1905 1885 1926 secer-

207 1946 292 1976 nitur
326 1955 449 1981 semen‚
476 1956 528 1976 eas
556 1952 734 1987 pei-currat.
780 1947 923 1988 Utraque
950 1956 1023 1987 pars
1055 1956 1160 1976 rursus
1187 1947 1218 1977 in
1250 1947 1356 1988 plures
1384 1947 1538 1978 dividitur
1567 1948 1711 1986 lobulos,
1747 1962 1885 1991 quorum

209 2004 343 2043 quisque
365 2002 527 2034 vasculum
551 2002 690 2043 possidet
714 2003 857 2034 efferens.
903 2003 989 2033 Haec
1008 2004 1134 2033 vaseula
1155 2013 1186 2033 se
1209 2003 1241 2033 in
1261 2003 1351 2044 plura
1378 2006 1523 2034 tenuiora
1544 2003 1717 2043 dividunt,
1747 2018 1885 2048 quorum

210 2059 365 2100 quodque
397 2058 533 2090 termino
567 2059 717 2090 cellulam
752 2059 892 2101 possidet
928 2058 1078 2090 trifidam.
1123 2059 1191 2090 Hae
1222 2059 1357 2090 cellulae
1381 2059 1476 2101 juxta
1505 2071 1536 2090 se
1566 2061 1703 2093 invicem
1735 2069 1806 2095 sunt
1826 2076 1885 2106 po-

1852 2122 1892 2151 si.

247 2206 256 2238 (
272 2213 279 2230 ι
295 2204 304 2237 )
322 2203 378 2230 Ubi
403 2211 492 2230 sermo
516 2202 636 2231 habetur
655 2204 689 2231 de
707 2204 837 2232 omnibus
855 2203 1049 2232 Pneumonicis
1063 2225 1071 2240 ,
1092 2213 1124 2232 ea
1143 2203 1321 2232 solummodo
1342 2209 1407 2232 sunt
1432 2205 1628 2242 intelligenda,
1650 2216 1769 2243 quorum
1792 2209 1886 2236 intima

215 2257 352 2278 structura
374 2252 482 2288 cognita
503 2257 562 2279 est„

196 2330 197 2333 Ἴ
249 2301 298 2334 (2)
318 2300 492 2326 Lainarck
505 2319 513 2332 ‚
528 2299 650 2327 Histoire
673 2299 817 2327 Naturelle
836 2299 885 2327 des
902 2299 1032 2328 animaux
1049 2310 1112 2328 sans
1132 2300 1287 2330 vertebres.
1314 2300 1391 2329 Paris
1407 2303 1478 2337 1819.
1497 2304 1574 2330 Toni.
1595 2303 1644 2331 Vl.
1667 2304 1697 2331 P.
1717 2304 1753 2332 ΙΙ.
1771 2315 1831 2341 pag.
1846 2310 1886 2342 49.

214 2350 303 2375 Arion
321 2350 524 2383 empyricorum
539 2369 546 2380 ,
578 2347 808 2375 D’Audebard
835 2348 876 2374 de
906 2349 1086 2376 Ferussac
1098 2369 1106 2384 ‚
1125 2349 1245 2376 Histoire
1266 2349 1409 2377 Naturane
1433 2351 1559 2387 generale
1585 2358 1614 2379 et
1633 2352 1807 2388 pziitculsere
1837 2356 1885 2382 des

215 2395 385 2432 Ittollusques
405 2400 549 2424 terrestres
572 2402 601 2424 et
616 2396 775 2426 fluviatiles.
805 2395 881 2423 Paris
910 2400 984 2428 1820.
1002 2398 1081 2426 Folio
1106 2399 1176 2427 ffist.
1196 2408 1224 2436 s.
1241 2398 1281 2424 60.
1301 2397 1343 2430 Pl,
1357 2406 1379 2425 1.
1410 2399 1452 2429 Pl.
1471 2410 1503 2434 2,
1523 2400 1584 2436 Fig.
1600 2408 1610 2425 1
1625 2406 1652 2427 et
1666 2410 1690 2429 2.
1717 2405 1744 2427 et
1768 2401 1809 2432 Pl.
1826 2405 1849 2429 3.
