2361 2974
517 184 560 215 ες
1070 181 1640 221 treventonmv,

520 274 700 311 seminam,
731 284 796 305 non
826 282 952 315 prorsus
985 276 1093 302 tamen
1125 271 1242 302 semine
1276 273 1422 312 privata3
1463 283 1584 314 organa
1620 284 1692 304 vero
1724 273 1869 314 fifeminea
1902 285 2011 316 parva.
2065 278 2188 319 Vagina

522 335 620 370 atque
662 335 770 361 uterus
814 329 940 359 feminei
983 327 1140 358 individui
1175 338 1298 369 sperma
1340 331 1503 360 continent
1522 353 1530 366 ,
1567 330 1721 371 glandula
1759 340 1890 361 mucosa
1920 331 1996 372 (die
2029 333 2185 364 Schleim.

523 385 638 425 dume)
666 385 727 426 (ι)
752 384 900 415 intumuit
926 388 1023 423 atque
1044 394 1164 424 organa
1188 386 1364 416 masculina
1388 391 1458 416 sunt
1483 395 1591 426 parva.

562 442 701 472 Ovorum
735 439 1017 470 foecundationem
1050 440 1082 470 in
1116 441 1273 473 oviductu
1300 443 1407 472 locum
1447 442 1558 472 haberi
1595 441 1721 477 credit,
1759 451 1858 481 quum
1890 441 1956 471 ita:
1994 442 2088 474 «Die
2116 444 2189 476 Eier

521 512 535 526 «
556 497 703 526 scheinen
725 496 766 525 im
789 495 964 536 Eiergange
987 495 1167 527 befruehtet
1189 508 1228 527 zu
1252 498 1382 529 werden
1398 521 1405 533 ‚
1434 498 1541 528 indem
1570 507 1602 527 es
1633 496 1722 527 nicht
1748 495 2018 528 wahrscheinlich
2036 499 2092 535 ist,
2118 501 2188 531 dass

523 566 537 583 «
559 552 614 581 der
642 550 760 581 Saame
784 551 887 582 durch
911 551 973 581 den
1005 552 1228 592 gewundenen
1260 554 1421 594 Eiergang
1446 553 1478 583 in
1503 553 1566 583 den
1595 551 1762 583 Eierstock
1788 552 1940 592 gelange,
1984 555 2016 584 in
2039 555 2095 585 der
2128 555 2187 586 Ge-

521 622 535 638 «
558 610 734 638 harmuuer
758 606 836 637 aber
860 607 930 637 sind
965 607 1017 638 die
1044 608 1120 639 Eier
1140 610 1197 640 mit
1219 609 1359 641 Schleim
1387 608 1543 644 uinlu'illt,
1568 607 1711 639 vveshalb
1730 608 1772 638 sie
1804 608 1861 638 der
1878 607 1993 640 Saame
2015 610 2103 643 nicht
2132 611 2187 642 be-

520 679 533 696 «
555 663 670 692 rfihren
691 663 789 693 kann.

560 733 574 750 «ι
597 719 685 749 Zwei
708 717 792 759 Tage
812 718 898 749 nach
922 719 979 749 der
998 719 1181 762 Begattung
1199 722 1331 752 werden
1351 722 1402 752 die
1423 721 1496 752 Eier
1515 721 1619 761 gelegt
1634 719 1652 733 ''
1679 718 1719 759 (2
1732 718 1757 759 >.

558 774 596 804 Ut
614 784 762 806 moneam
781 786 860 817 opus
882 780 950 813 est,
974 776 1095 817 ubique
1115 777 1180 808 hoc
1201 778 1276 809 loco
1299 787 1474 808 sermonem
1497 776 1607 806 haberi
1631 775 1671 805 de
1694 775 1864 815 Lymnaea
1885 775 2053 817 Stagnalz'.

1305 895 1334 933 g.
1384 892 1416 924 4.

1011 1015 1373 1050 DESHAYESII
1425 1020 1686 1048 SENTENTIA.

556 1136 706 1176 Sequitur
734 1133 1021 1176 Deshayesius,
1047 1138 1103 1178 qui
1130 1134 1226 1168 etiam
1259 1136 1445 1168 Cuvierii
1473 1136 1661 1166 sententiam
1691 1139 1818 1166 secutus
1841 1139 1886 1166 est
1915 1136 1947 1166 in
1968 1135 2181 1176 descriptione

514 1192 696 1223 anatomica
731 1191 919 1224 Succineae
952 1193 1144 1236 anzpltz'be'ae
1175 1192 1500 1235 (5).G1andulam
1530 1193 1741 1232 prostaticam
1775 1197 1881 1224 tamen
1911 1192 1957 1222 uti
1986 1192 2179 1223 testiculum

513 1248 699 1289 descripsit,
724 1248 800 1278 dum
822 1250 958 1290 organi,
985 1249 1075 1290 quod
1107 1260 1165 1280 nos
1196 1249 1340 1280 ovarium
1365 1248 1548 1279 vocavimus
1577 1253 1607 1277 et
1638 1248 1787 1279 convenit
1817 1258 1891 1278 cum
1923 1258 2067 1288 organo,
2092 1249 2181 1288 quod

512 1304 729 1335 Cuvierius
761 1304 793 1335 in
824 1304 939 1336 Helice
970 1307 1168 1347 caeterisque
1195 1310 1322 1347 praeter
1354 1304 1543 1345 glandulam
1576 1305 1783 1345 prostaticam
1818 1303 1998 1334 testiculum
2033 1305 2179 1339 vocavit,

513 1360 707 1390 mentionem
729 1370 795 1391 non
817 1360 913 1398 facit,
940 1367 1040 1403 atque
1062 1363 1198 1393 ductum
1219 1361 1405 1392 seminalem
1436 1361 1471 1389 in
1490 1360 1678 1399 glandulam
1696 1360 1784 1389 illam
1807 1359 2002 1389 desinentem
2025 1358 2180 1398 depinxit.

556 1414 723 1446 vesiculae
744 1414 941 1447 functionem
962 1428 1026 1448 esse
1051 1418 1171 1452 credit,
1197 1422 1252 1452 ut,
1277 1416 1414 1446 durante
1437 1415 1666 1455 copulatione,
1688 1414 1778 1455 penis
1798 1412 2016 1454 ejusductum
2036 1418 2182 1444 excreto-

510 1471 591 1499 rium
609 1472 789 1509 penetraret
810 1472 907 1508 atque
920 1468 964 1498 ita
977 1478 1101 1509 sperma
1116 1468 1149 1499 in
1167 1468 1342 1499 vesiculam
1360 1467 1498 1501 veniret,
1521 1470 1554 1495 ut
1566 1489 1573 1502 ‚
1594 1466 1729 1507 quando
1742 1477 1802 1497 ova
1817 1467 2051 1507 deponerentur
2069 1473 2100 1497 et
2122 1470 2186 1499 ori-

512 1525 622 1556 ficium
640 1524 755 1554 ductus
773 1524 939 1554 excretorii
960 1524 1187 1564 praeterirent,
1211 1522 1255 1552 ibi
1272 1521 1560 1557 foecundarentur,
1584 1522 1625 1552 ad
1647 1532 1731 1562 quae
1746 1523 1789 1552 ita
1809 1523 2003 1553 ratiocinans
2017 1525 2158 1563 pervenit
2175 1537 2181 1555 ι

512 1594 527 1612 ‹<
548 1580 595 1611 La
614 1580 858 1611 denomination
882 1579 923 1610 de
947 1580 1060 1615 vessie,
1087 1590 1149 1620 que
1172 1580 1213 1612 Μ,
1238 1578 1389 1609 Cuvier
1425 1586 1442 1606 a
1467 1576 1595 1607 donnee
1617 1577 1634 1607 a
1658 1583 1708 1609 cet
1730 1588 1869 1619 organe,
1894 1588 1974 1608 nous
1992 1578 2098 1619 parait
2119 1590 2180 1620 peu

514 1649 528 1667 «
550 1647 664 1677 propre
688 1636 705 1665 a
727 1636 874 1676 rappeler
897 1635 940 1665 les
971 1635 1059 1665 ide'es
1083 1645 1146 1676 que
1176 1635 1219 1665 les
1243 1632 1438 1665 connexions
1457 1637 1593 1673 peuvent
1621 1633 1698 1664 faire
1718 1633 1833 1665 naitre.
1880 1635 1968 1665 Avec
1992 1644 2030 1666 ce
2050 1640 2118 1666 mot
2142 1636 2182 1666 de

513 1705 529 1722 «
551 1691 643 1722 vessie
657 1714 665 1728 ‚
690 1691 753 1732 pris
771 1691 852 1722 dans
873 1692 901 1722 le
918 1702 987 1722 sens
1006 1692 1177 1732 rigoureux
1201 1691 1257 1721 des
1279 1689 1483 1720 anatomistes
1497 1710 1505 1726 ‚
1538 1689 1622 1719 vient
1644 1699 1675 1719 se
1696 1689 1827 1730 joindre
1849 1690 1943 1720 l'idee
1965 1690 2043 1720 d’un
2062 1701 2181 1731 organe

514 1760 528 1778 «
550 1747 589 1777 de
613 1747 823 1787 depuratiom
849 1748 928 1778 d'un
948 1758 1067 1788 organe
1081 1747 1120 1777 de
1144 1747 1320 1783 secretiori,
1346 1755 1484 1776 annexes
1499 1744 1553 1774 des
1566 1743 1724 1775 fonctions
1739 1745 1905 1786 digestives
1925 1749 1956 1775 et
1984 1745 2024 1776 de
2043 1746 2181 1777 circula-

517 1817 530 1834 «
554 1803 638 1839 tion,
663 1802 886 1843 independans
909 1803 965 1834 des
986 1803 1147 1833 fonctions
1169 1803 1209 1833 de
1230 1803 1260 1833 la
1279 1802 1481 1843 ghne‘ration.
1526 1801 1558 1831 Si
1579 1801 1609 1830 la
1631 1802 1725 1831 vessie
1750 1800 1827 1830 dont
1853 1811 1932 1831 nous
1952 1802 2080 1842 parlons
2104 1802 2181 1831 etait

514 1873 529 1891 «
549 1869 588 1889 en
611 1858 683 1889 effet
702 1870 745 1890 un
767 1869 887 1901 organe
914 1860 954 1890 de
976 1860 1136 1890 secretion
1153 1884 1161 1896 ‚
1187 1860 1209 1889 il
1236 1859 1376 1889 faudrait
1399 1868 1462 1899 que
1481 1867 1536 1887 son
1553 1857 1632 1887 issue
1647 1854 1695 1886 fut
1712 1856 1949 1897 independante
1970 1857 2024 1887 des
2044 1867 2178 1898 organes

515 1929 527 1948 e
550 1916 724 1956 ge'nitaux,
750 1925 790 1946 ou
813 1926 895 1957 que,
925 1915 1071 1947 tombant
1091 1915 1171 1947 dans
1193 1925 1236 1946 un
1262 1915 1422 1956 cloaque,
1449 1925 1485 1945 ce
1504 1913 1640 1954 cloaque
1663 1911 1711 1942 sut
1743 1912 1950 1953 comparable
1975 1912 1993 1942 a
2020 1913 2102 1944 celui
2126 1914 2182 1945 des

2074 1983 2090 2000 «
2110 1979 2180 2001 anl—

550 2056 558 2087 (
576 2056 603 2087 1)
624 2053 805 2082 probabiliter
823 2053 953 2091 glandula
977 2054 1130 2083 oviductus.

550 2102 601 2135 (a)
621 2104 765 2137 Lymnaea
788 2103 834 2130 illa
850 2125 857 2138 ,
887 2112 957 2139 quae
983 2103 1093 2130 duobus
1112 2100 1208 2128 diebus
1229 2106 1292 2139 post
1314 2102 1518 2140 copulationem
1536 2103 1592 2137 jam
1614 2110 1665 2128 ova
1697 2098 1884 2135 deposuerat,
1918 2101 1991 2125 certe
2017 2097 2069 2132 jam
2093 2102 2172 2125 antea

517 2147 592 2174 illam
616 2148 783 2177 functionem
807 2151 961 2187 peregeri13
980 2160 1065 2187 quum
1089 2149 1118 2177 in
1138 2150 1187 2183 iis,
1207 2159 1274 2186 quas
1301 2149 1465 2185 observavi,
1488 2158 1599 2187 semper
1631 2157 1688 2175 non
1715 2147 1767 2173 nisi
1788 2151 1851 2183 post
1872 2149 1901 2173 15
1922 2150 1969 2172 aut.
1998 2146 2092 2182 plures
2118 2147 2174 2173 dies

515 2200 579 2231 post
598 2195 801 2232 copulationem
820 2208 935 2226 ovorum
960 2197 1159 2235 depositionem
1175 2197 1300 2227 viderim.

548 2244 596 2278 (3)
617 2245 740 2272 Annales
761 2246 809 2272 des
831 2249 950 2275 sciences
974 2248 1137 2282 natm-elles,
1167 2256 1217 2284 par
1242 2247 1308 2275 MM.
1330 2246 1524 2279 Audouin,
1551 2245 1608 2273 Ad.
1638 2240 1861 2279 Brongniart
1879 2245 1906 2269 et
1926 2240 2073 2273 Dumas,
2096 2239 2174 2267 Toni.

514 2291 607 2318 xxu.
638 2292 712 2320 Paris
736 2295 807 2323 1831.
827 2303 854 2330 p»
874 2296 931 2326 348.
