2361 2974
516 183 557 215 22
1056 180 1097 211 Μ.
1142 173 1629 212 QVERLOREN,

514 279 562 306 ter
589 271 761 305 distribuit.
805 269 909 302 Habet
936 270 1079 300 colorem
1107 269 1253 304 fuscum.
1279 271 1378 309 atque
1404 267 1563 303 cellulae.
1586 276 1604 298 e
1626 262 1744 307 quibus
1768 267 1913 301 constat,
1937 267 2037 298 multo
2060 266 2187 301 brevio·-

514 333 564 363 res
587 334 682 368 sunt,
716 338 815 370 quam
847 327 880 357 in
904 324 1089 356 Planorbe.
1135 323 1267 354 Prorsus
1289 322 1406 364 hepate
1440 321 1661 355 circumdatus
1692 321 1788 352 ramis
1818 321 1880 352 suis
1903 321 2087 355 lateralibus
2119 329 2185 355 tam

514 390 606 418 arcte
631 384 676 415 illi
703 382 876 416 adhaeret,
902 385 935 410 ut
960 379 1049 410 haud
1075 378 1171 409 facile
1193 378 1318 420 sejungi
1348 379 1457 420 possit.

562 441 626 472 Vas
648 437 807 479 deferens
832 435 909 477 (fig.
931 435 984 466 45.
1009 435 1063 473 c.)
1088 434 1229 465 colorem
1256 433 1354 464 habet
1384 435 1617 475 nigrescentem
1645 437 1742 474 atque
1776 440 1893 471 magna
1917 439 1977 471 pro
2000 434 2114 471 parte,
2136 433 2183 463 uti

512 499 546 528 in
569 493 742 527 Planorbe
755 514 763 527 .
790 490 908 522 tubulis
929 491 1121 530 instructus,
1144 490 1188 521 ad
1207 491 1354 522 ovarium
1373 489 1559 525 consertum
1584 498 1652 530 quo
1673 489 1748 519 loco
1768 486 1975 519 verisimiliter
1994 487 2026 518 in
2050 487 2184 520 ductum

510 550 694 583 seminalem
723 546 880 577 transibit.

554 605 691 636 Ductus
715 603 768 633 ille
797 601 975 632 seminalis
1002 601 1086 643 (fig.
1109 599 1162 631 45.
1188 600 1216 631 ὁ.
1241 601 1274 632 d.
1291 599 1355 641 f.)
1392 599 1589 642 peculiarem
1618 597 1716 629 habet
1745 603 1957 634 structuram.
1991 599 2122 639 qualem
2150 601 2183 633 in

510 660 645 692 caeteris
668 657 894 689 Pneumonicis
922 657 1068 689 nondum
1094 655 1341 687 observavimus.
1385 655 1482 685 Initio
1502 653 1620 685 ductus
1650 659 1695 686 est
1715 654 1973 689 membranosus,
1998 656 2093 687 valde
2114 667 2184 688 am-

507 717 581 757 plus
605 714 688 756 (fig.
708 713 760 744 45.
787 713 862 754 ὀ.),
888 714 943 755 qui
969 713 1136 755 paululum
1164 712 1328 753 angustior
1356 710 1480 746 faetus,
1504 714 1615 751 postea
1645 720 1721 742 vero
1748 710 1914 752 pristinam
1940 711 2183 751 amplitudinem

509 774 646 806 nactus,
677 769 710 799 in
741 768 914 799 vesiculam
947 769 1058 799 transi:
1087 766 1314 808 sphaericam,
1348 774 1499 805 magnam
1535 769 1634 806 atque
1669 765 1751 797 furvi
1783 765 1902 796 coloris
1934 764 2013 807 (fig.
2032 766 2085 796 45.
2110 767 2142 799 d.
2155 768 2181 808 ).

506 825 684 865 Utrumque
707 822 820 853 horum
846 832 1042 864 organorum
1062 822 1188 854 duabus
1206 820 1400 853 membranis
1425 821 1601 858 formatur,
1628 825 1759 852 externa
1779 819 1929 850 interiore
1950 821 2069 860 pagina
2089 822 2183 862 glan.

508 884 592 915 dulis
618 882 760 924 granosis
780 882 955 916 instructa3
992 878 1117 909 interna
1147 887 1221 908 vero
1241 876 1362 916 ubique
1387 876 1484 917 plana
1499 898 1510 914 ,
1533 888 1619 918 quae
1646 886 1740 918 rugas
1766 876 1902 912 format,
1927 874 2061 916 quibus,
2088 886 2185 916 prae.

507 940 603 979 cipue
629 939 663 968 in
688 936 830 967 vesicula
851 933 1038 976 sphaerica,
1061 934 1183 965 sacculi
1208 933 1387 964 formantur
1412 931 1493 973 (fig.
1517 932 1571 964 46.
1596 939 1636 965 Π.
1661 933 1723 974 8.).
1768 932 1805 963 In
1830 930 1968 962 sacculis
1989 931 2050 961 illis
2079 941 2181 973 copu-

504 993 636 1024 lationis
667 997 810 1032 tempore
846 1001 970 1032 sperma
995 993 1235 1031 congregatur,
1268 997 1367 1028 quam
1395 986 1437 1017 ob
1466 997 1596 1019 causam
1628 998 1775 1029 organon
1798 987 1879 1018 illud
1913 985 2099 1016 vesiculam
2128 998 2181 1017 se·

504 1048 663 1079 mz'nalem
689 1057 805 1078 vocare
829 1056 1003 1088 possumus.
1050 1045 1074 1075 E
1099 1045 1236 1076 vesicula
1263 1042 1317 1072 illa
1344 1042 1487 1074 seminali
1509 1044 1610 1075 oritur
1641 1044 1765 1073 ductus
1787 1040 1963 1073 seminalis
1995 1040 2097 1070 multo
2123 1051 2180 1073 an.

500 1106 630 1148 gustior
663 1103 741 1144 (fig.
763 1103 815 1133 45.
831 1101 922 1142 f.f.
940 1102 972 1143 ).
1006 1101 1062 1143 qui
1089 1110 1145 1141 per
1177 1099 1328 1141 vaginam
1350 1099 1570 1137 descendens,
1606 1108 1708 1141 prope
1735 1097 1804 1140 ejus
1828 1095 1988 1128 orificium
2011 1098 2177 1126 externum

504 1160 562 1190 sub
585 1158 674 1189 fibris
696 1157 929 1189 muscularibus
954 1157 1035 1188 cutis
1059 1155 1243 1190 confertur,
1268 1155 1326 1186 sub
1349 1155 1409 1186 illis
1435 1166 1537 1197 usque
1569 1155 1612 1185 ad
1635 1163 1750 1195 penem
1777 1151 1960 1193 procurrit,
1992 1149 2048 1179 ubi
2071 1160 2176 1181 rursus

500 1218 535 1246 in
558 1215 729 1246 cavitatem
760 1214 1001 1245 abdominalem
1028 1211 1156 1253 prodit,
1192 1215 1290 1250 atque
1321 1214 1493 1251 postquam
1522 1210 1629 1252 plures
1656 1208 1759 1249 plicas
1799 1206 1970 1243 formavit,
2008 1206 2041 1236 in
2073 1209 2176 1236 extre-

497 1273 642 1303 mitatem
672 1271 762 1312 penis
790 1275 844 1301 aut
868 1270 974 1311 potius
996 1267 1117 1299 sacculi
1147 1265 1234 1306 penis
1256 1269 1416 1305 penetrat.

547 1325 715 1357 Saeculus
735 1328 838 1367 penis
863 1325 942 1366 (fig.
964 1324 1017 1355 45.
1044 1321 1099 1362 Ῑι.)
1127 1321 1248 1352 formae
1271 1319 1488 1360 cylindricae,
1513 1320 1679 1361 paululum
1702 1323 1871 1354 curvatus.
1896 1321 2087 1348 structuram
2113 1317 2172 1348 ha-

496 1383 553 1413 bet
582 1381 815 1416 muscularem,
850 1379 1017 1420 paululum
1051 1378 1314 1418 cartilaginosam
1348 1380 1447 1416 atque
1480 1384 1583 1416 prope
1611 1374 1809 1404 tentaculum
1836 1372 1982 1403 dextrum
2017 1371 2169 1411 aperitur.

497 1437 605 1469 Multis
634 1435 794 1465 fasciculis
821 1431 1053 1461 muscularibus
1086 1430 1211 1459 fibrosis
1243 1431 1417 1459 instructus
1447 1435 1510 1463 est,
1537 1429 1712 1467 praecipue
1737 1431 1899 1467 quatuor,
1923 1436 2062 1464 quorum
2092 1437 2172 1456 unus

498 1492 542 1522 ad
576 1489 791 1521 evolutionem
820 1485 946 1516 inservit
972 1482 1053 1524 (fig.
1074 1483 1127 1513 45.
1151 1483 1232 1523 r.)‚
1266 1483 1322 1523 qui
1354 1492 1419 1513 una
1450 1481 1649 1513 extremitate
1681 1481 1774 1511 lateri
1803 1480 1944 1516 sacculi,
1969 1479 2068 1510 altera
2098 1490 2171 1511 vero

493 1547 587 1578 fibris
613 1544 695 1576 cutis
717 1542 828 1573 affixus
856 1543 921 1577 est3
954 1539 1073 1570 caeteri
1113 1543 1220 1569 autem
1254 1537 1334 1579 (fig.
1357 1537 1410 1568 45.
1435 1548 1467 1579 q.
1492 1548 1525 1579 q.
1548 1536 1629 1578 q.),
1661 1540 1696 1566 ut
1733 1536 1822 1577 penis
1851 1536 1979 1566 illorum
2010 1545 2071 1576 ope
2099 1540 2170 1577 post

496 1601 713 1634 evolutionem
741 1595 975 1631 retraheretur,
1000 1604 1140 1635 quorum
1161 1603 1242 1624 unus
1264 1595 1386 1625 sacculi
1410 1594 1520 1630 lateri,
1546 1593 1612 1624 duo
1636 1592 1688 1622 alii
1719 1601 1794 1624 vero
1820 1592 2013 1622 extremitati
2036 1591 2173 1634 affigun-

496 1661 559 1687 tur.
604 1654 637 1685 si
660 1653 824 1685 sacculum
845 1652 935 1681 illum
964 1649 1142 1691 aperimus,
1165 1649 1291 1679 interna
1318 1649 1438 1691 pagina
1460 1660 1478 1680 e
1497 1649 1585 1680 fibris
1611 1646 1891 1682 transversalibus‚
1915 1647 2167 1685 muscularibus,

495 1709 613 1751 quibus
643 1709 677 1739 in
701 1708 807 1738 media
831 1711 921 1748 parte
951 1705 1035 1735 duae
1064 1714 1163 1745 rugae
1194 1703 1446 1745 longitudinales
1471 1705 1671 1740 formantur,
1704 1705 1830 1733 constat
1864 1700 1944 1742 (fig.
1963 1700 2016 1732 47.
2039 1711 2074 1741 y.
2098 1701 2168 1741 y.)-

493 1767 534 1797 In
557 1769 649 1807 parte
672 1765 832 1804 superiore
860 1760 981 1791 sacculi
1005 1761 1087 1790 inter
1121 1758 1193 1789 illas
1220 1769 1315 1800 rugas
1346 1760 1462 1791 ductus
1489 1760 1647 1790 seminalis
1678 1758 1819 1799 aperitur
1845 1766 1921 1787 cum
1951 1755 2070 1796 glande
2094 1765 2168 1795 per-

495 1822 602 1852 forata
628 1819 705 1861 (fig.
726 1817 779 1849 47.
804 1815 1059 1858 ¹1J.).Durante
1084 1814 1291 1855 copulatione
1312 1817 1459 1848 sacculus
1479 1816 1532 1847 ille
1555 1816 1728 1851 evolvitur,
1753 1814 1798 1844 ita
1823 1816 1857 1842 ut
1881 1811 1971 1852 glans
1990 1810 2067 1841 foris
2092 1820 2167 1851 proq

495 1879 571 1909 deat
586 1899 595 1910 ,
619 1886 705 1917 quae
720 1898 728 1911 ,
753 1874 798 1904 sic
820 1871 992 1913 disposita,
1018 1871 1110 1901 simul
1134 1881 1208 1901 cum
1236 1860 1371 1902 sacculo
1388 1871 1516 1902 evoluto
1539 1872 1628 1912 penis
1651 1870 1848 1901 functionem
1867 1867 2003 1908 peragit.

541 1931 702 1962 Ovarz'um
729 1929 810 1971 (fig.
833 1926 887 1959 45.
909 1926 957 1967 τ’.)
989 1925 1083 1957 valde
1111 1935 1263 1966 magnum
1288 1926 1385 1957 habet
1416 1926 1552 1957 formam
1581 1926 1788 1968 irregularem
1811 1928 1909 1965 atque
1939 1923 2081 1953 colorem
2105 1920 2169 1951 ful·

492 1999 587 2025 vum;
612 1990 773 2018 structura
794 1992 870 2015 vero
896 1991 970 2014 cum
992 1980 1178 2012 Planorbis
1201 1982 1312 2013 ovario
1336 1982 1429 2013 valde
1456 1982 1618 2014 convenit.

543 2044 729 2074 Ovz‘ductus
757 2039 834 2081 (fig.
854 2038 906 2069 45.
923 2038 983 2079 j.)
1006 2047 1072 2068 non
1092 2037 1216 2078 amplus
1237 2040 1302 2073 est,
1327 2037 1510 2079 frequenter
1533 2039 1565 2069 in
1585 2049 1616 2069 se
1635 2035 1852 2071 convolvitur,
1879 2038 1977 2075 atque
1998 2032 2067 2075 ejus
2089 2042 2168 2063 con-

494 2100 649 2130 torsiones
672 2104 736 2129 tam
767 2100 855 2127 arcte
876 2096 960 2124 inter
981 2103 1013 2124 se
1040 2092 1237 2130 cohaerent,
1262 2099 1295 2124 ut
1323 2094 1389 2126 sine
1411 2094 1644 2126 dilaceratione
1675 2093 1778 2125 evolvi
1801 2093 1985 2132 nequeant;
2008 2092 2165 2118 structura

496 2165 572 2186 vero
596 2154 802 2185 membranae
824 2163 898 2185 cum
927 2151 981 2182 illa
1009 2148 1152 2190 ejusdem
1176 2149 1289 2191 organi
1320 2150 1505 2181 Suecz'neae
1535 2149 1629 2181 valde
1657 2149 1817 2181 convenit.
1862 2146 1978 2177 Ultima
2006 2144 2167 2176 contorSiO

495 2211 664 2251 paululum
691 2211 856 2241 incurvata
880 2205 1043 2249 procurrit
1073 2209 1171 2246 atque
1196 2204 1229 2235 in
1254 2214 1399 2246 organon
1420 2205 1586 2247 peculiare
1611 2204 1740 2240 transit,
1772 2202 1921 2245 vaginam
1945 2202 2026 2232 inter
2047 2205 2078 2231 et
2099 2199 2166 2230 ovi-

494 2266 630 2297 ductum
656 2266 813 2308 positum,
838 2263 928 2304 quod
951 2263 985 2294 in
1013 2261 1165 2297 caeteris,
1190 2269 1274 2301 quae
1308 2260 1532 2304 descripsimus
1567 2260 1809 2296 Pneumonicis,
1845 2257 1988 2291 nondum
2019 2256 2169 2287 observa-

493 2322 604 2353 vimus.

2107 2365 2170 2396 Ubi
