2361 2974
444 228 739 266 RESPONSIO
770 224 818 262 ‘An
851 228 1220 271 QUAESTIONEM
1253 222 1598 265 zoo'LOGICAM.
1818 239 1856 267 21

194 328 336 361 albidum
370 325 604 358 ssavescentem.
648 323 771 354 Deinde
800 322 917 354 ductus
949 322 1108 354 seminalis
1140 334 1198 365 per
1228 324 1376 365 vaginam
1406 334 1507 366 usque
1540 323 1582 354 ad
1621 324 1690 366 ejus
1715 325 1860 357 insertio.

193 394 266 414 nem
287 383 320 413 in
352 385 426 413 cute
452 381 637 417 descendit,
674 384 771 420 atque
806 378 863 409 sub
899 381 973 409 cute
1002 378 1126 408 interna
1157 380 1337 410 musculosa
1376 380 1562 419 confertur,
1594 380 1725 422 ibique,
1759 392 1861 423 usque

196 439 238 469 ad
265 437 366 468 basim
398 438 506 479 penis,
540 437 604 468 sive
629 436 736 477 potius
762 434 883 465 sacculi
908 433 1020 474 penis,
1055 443 1261 474 procurrens,
1297 445 1402 468 rursus
1426 435 1555 477 prodit,
1578 447 1636 478 per
1661 437 1742 469 illud
1764 447 1861 479 orga-

194 505 259 525 non
283 492 452 524 adscendit
476 497 574 533 atque
599 493 632 523 in
660 490 728 532 ejus
748 490 873 530 apicem
895 492 1055 530 penetrat.

236 548 390 581 Sao-culis
408 549 511 588 penis
547 547 625 588 (fig.
647 546 701 578 43.
723 545 777 578 44.
802 545 834 578 k.
858 545 915 586 lc.)
950 545 1068 576 coloris
1100 545 1181 587 nigri
1214 547 1350 579 formam
1378 548 1475 579 habet
1509 546 1729 586 turbinatam,
1763 555 1862 591 atque

195 607 264 648 ejus
285 603 445 636 orificium
467 605 632 632 externum
657 601 699 631 ad
721 602 822 633 basim
853 599 1006 632 tentaculi
1038 599 1173 637 sinistri,
1199 612 1263 633 non
1287 614 1383 641 vero,
1407 604 1453 634 uti
1481 604 1513 634 in
1535 604 1682 635 omnibus
1706 605 1865 636 pneumo-

195 661 290 696 nicis,
316 658 417 689 dextri
443 657 613 688 invenitur.
658 656 789 687 Duobus
809 656 981 686 instructus
1005 659 1050 684 est
1077 655 1248 692 musculis,
1274 667 1339 688 uno
1361 658 1403 688 ad
1434 659 1649 690 evolutionem
1674 660 1796 690 sacculi
1818 661 1868 690 in-

196 716 349 746 serviente
374 711 452 753 (fig.
475 711 527 741 43.
551 711 604 741 44.
628 710 701 751 r.),
726 710 782 751 qui
811 720 875 741 una
903 709 1102 740 extremitate
1133 710 1224 740 lateri
1252 713 1373 743 sacculi
1390 737 1398 750 ,
1424 714 1525 745 altera
1555 724 1631 745 vero
1658 716 1724 745 cuti
1754 716 1866 746 affixus

193 775 261 806 est;
286 769 385 798 altero
407 775 482 796 vero
511 766 654 796 musculo
689 765 879 797 reti-actorio
907 764 989 807 (fig.
1010 765 1064 797 43.
1088 765 1143 798 44.
1166 767 1224 808 q.)
1241 791 1251 806 ,
1284 770 1341 811 qui
1373 767 1460 810 apici
1493 768 1615 799 sacculi
1641 768 1736 810 juxta
1768 771 1868 801 inser-

193 827 315 857 tionem
338 823 454 853 ductus
481 820 639 850 seminalis
662 820 776 852 affixus
796 825 853 852 est.
899 820 1039 859 Quando
1074 823 1240 854 sacculum
1265 817 1356 854 illum
1383 824 1564 865 aperimus,
1582 834 1706 865 penem
1728 830 1868 856 structu-

194 890 249 910 rae
279 877 525 918 cartilaginosae
544 875 747 906 observamus
773 875 854 918 (fig.
877 875 929 908 44.
954 877 985 908 k.
1002 877 1015 917 )
1033 898 1041 913 ,
1076 879 1132 918 qui
1163 878 1281 919 glande
1306 879 1400 910 valde
1424 890 1542 921 magna
1576 880 1763 911 terminatur
1788 881 1867 922 (fig.

193 935 246 966 44.
271 935 341 976 ιζ),
365 942 470 974 neque
492 931 671 973 perforatus
692 936 753 969 est,
778 932 833 963 sed
854 932 888 964 in
911 936 1004 974 parte
1025 933 1206 974 superiore,
1231 933 1346 964 eodem
1375 933 1474 964 modo
1501 934 1547 964 uti
1570 936 1661 975 penis
1689 936 1871 967 Chelom'o·

196 1002 290 1026 rum,
316 989 438 1019 sulcum
461 987 622 1028 possidet,
646 987 678 1017 in
706 998 802 1028 quem
826 988 944 1019 ductus
972 987 1132 1019 seminalis
1154 988 1312 1028 liquorem
1336 999 1426 1019 suum
1453 989 1600 1021 effundit.

243 1044 404 1074 Ovarz‘um
429 1041 508 1082 (fig.
532 1041 586 1071 43.
609 1040 659 1082 τ’.)
683 1043 783 1074 habet
807 1043 944 1074 formam
974 1041 1170 1074 turbinatam
1185 1066 1194 1081 ,
1220 1043 1363 1075 colorem
1395 1044 1516 1077 fulvum
1546 1049 1645 1087 atque
1677 1050 1871 1078 structuram

194 1099 289 1131 valde
319 1098 471 1133 densam,
495 1097 541 1128 illi
575 1096 718 1128 Helio-2⁶³
743 1098 928 1140 analogam.

243 1153 431 1185 ovidae-tus
456 1151 538 1193 (fig.
559 1151 612 1183 43.
630 1152 665 1194 j.
678 1152 714 1194 j.
727 1153 761 1194 j.
779 1154 812 1195 )<,
847 1154 890 1186 ad
917 1153 1017 1186 ovarii
1043 1152 1145 1184 hasim
1170 1152 1343 1195 incipiens,
1381 1159 1426 1187 est
1459 1155 1575 1187 ductus
1604 1156 1874 1198 membranosus5

194 1210 317 1245 tenuis,
353 1208 491 1250 primum
517 1207 612 1238 valde
645 1213 817 1249 angustus,
855 1214 1044 1248 contortus,
1080 1211 1198 1242 deinde
1229 1221 1303 1242 vero
1339 1211 1496 1253 paulatim
1529 1212 1746 1253 amplificatus
1771 1224 1872 1256 usque

198 1265 239 1296 ad
269 1264 435 1294 transitum
457 1274 547 1293 suurn
577 1264 609 1294 in
643 1265 805 1304 vaginam.
848 1264 909 1295 Ubi
940 1266 1079 1306 amplior
1107 1266 1176 1297 fieri
1206 1267 1337 1308 incipit,
1366 1267 1540 1308 glandulae
1566 1267 1646 1309 (fig.
1672 1269 1724 1302 43.
1746 1281 1780 1309 g.
1805 1271 1868 1308 g.)

196 1320 241 1350 illi
267 1319 463 1354 adhaerent,
501 1317 618 1359 quibus
648 1319 807 1360 glutinosa
839 1321 986 1351 materies
1010 1321 1186 1352 secernitur
1203 1343 1214 1357 ,
1246 1327 1277 1351 et
1306 1331 1387 1362 quas
1422 1321 1592 1362 glandulas
1620 1323 1790 1355 oviductus
1812 1336 1872 1356 vu-

197 1385 272 1405 care
293 1384 470 1414 possumus,

240 1429 362 1460 Transit
390 1428 560 1459 oviductus
580 1427 613 1460 in
639 1429 802 1470 vaginam
826 1428 902 1471 (fig.
920 1428 975 1460 413.
1000 1429 1063 1471 k.)
1087 1431 1160 1461 satis
1185 1432 1339 1471 longam,
1370 1440 1435 1461 non
1463 1431 1558 1462 valde
1583 1433 1743 1473 amplam,
1770 1439 1872 1466 strue-

199 1491 289 1515 turae
320 1482 581 1520 membranosae‚
614 1492 700 1523 quae
733 1493 810 1514 cum
841 1483 969 1514 orificio
998 1487 1129 1514 externo
1166 1485 1291 1515 sinistro
1325 1486 1469 1525 corporis
1495 1487 1616 1522 latere,
1651 1487 1706 1518 ubi
1737 1490 1872 1530 pallium

197 1550 272 1571 cum
295 1543 368 1569 cute
391 1538 622 1579 conjungitur,
647 1538 804 1578 aperitur.

239 1595 332 1626 Haud
356 1594 469 1635 procul
498 1592 538 1623 ab
562 1592 626 1623 hoc
655 1592 781 1624 orificio
806 1593 840 1625 in
864 1593 1014 1635 vaginam
1037 1594 1184 1626 inseritur
1216 1595 1339 1626 ductus
1365 1599 1577 1628 excretorias
1596 1597 1767 1629 vesiculae
1792 1600 1870 1640 (fig.

197 1650 253 1681 4‘3.
276 1650 344 1690 m.)
378 1648 547 1680 mediocris
581 1648 813 1688 longitudinis,
848 1654 946 1691 atque
979 1653 1085 1680 ortum
1118 1650 1242 1682 ducens
1267 1662 1284 1682 e
1316 1653 1457 1683 vesicula
1495 1651 1684 1693 sphaerica,
1721 1654 1874 1695 elongata

203 1706 283 1746 (fig.
305 1704 359 1734 43.
383 1703 444 1744 L).
495 1704 647 1734 Vesicula
677 1704 754 1742 illa,
782 1705 921 1736 naturali
953 1706 1110 1747 positione
1129 1705 1224 1748 juxta
1248 1706 1437 1738 oviductum
1460 1709 1562 1749 posita
1578 1731 1586 1745 ,
1613 1706 1800 1740 membrana
1826 1710 1878 1742 ni·

199 1770 256 1802 gra
279 1759 456 1797 formatur,
479 1770 541 1801 per
561 1769 661 1801 quam
686 1760 777 1792 color
797 1759 901 1793 fulvus
924 1762 1077 1804 liquoris,
1103 1772 1201 1804 quem
1226 1760 1393 1798 continet,
1418 1762 1518 1805 vulgo
1539 1764 1690 1805 pellucet.

984 1866 1015 1907 §-
1063 1865 1098 1897 9.

782 1972 1099 2007 LYMNAEA.
1141 1971 1292 2017 (Lam.)-

864 2054 944 2097 (fig.
967 2055 1019 2088 45.
1042 2055 1096 2088 46.
1118 2055 1196 2097 47.)

242 2160 279 2190 In
303 2159 477 2200 Lymnaea
500 2156 660 2199 stagnalz'
689 2156 760 2198 (1)
786 2157 942 2188 testiculi
973 2158 1052 2201 (fig.
1073 2158 1126 2190 45.
1150 2159 1209 2201 a.)
1235 2160 1337 2191 forma
1363 2158 1456 2191 valde
1486 2158 1590 2191 differt
1613 2160 1654 2192 ab
1678 2162 1729 2192 illa
1758 2170 1867 2198 caete-

199 2225 306 2247 rorum
334 2214 645 2250 Pneumonicorum,
670 2224 735 2246 non
761 2215 867 2251 enim,
891 2213 940 2245 uti
967 2215 999 2246 in
1028 2216 1182 2253 caeteris,
1207 2216 1339 2259 simplex
1364 2221 1426 2253 est,
1452 2226 1558 2248 verum
1588 2227 1695 2251 ramos
1724 2220 1864 2252 laterali-

1820 2282 1866 2310 ter

231 2362 284 2399 (ι)
308 2361 397 2390 Lam.
418 2360 559 2391 Tom.V1.
579 2360 609 2391 P.
624 2370 646 2392 2.
665 2370 694 2399 p.
710 2362 768 2398 ¹⁵9·
811 2353 916 2398 Drap'.
935 2369 962 2398 p.
978 2362 1017 2391 51.
1036 2360 1090 2391 tab.
1104 2371 1127 2389 η.
1147 2359 1193 2398 fig.
1208 2364 1239 2391 ³8
1255 2364 1337 2397 ειὸς,
