2361 2974
1063 201 1103 233 M.
1148 201 1184 234 C.
1231 199 1638 239 VERLORENJ

504 203 524 232 Φῆ

529 202 549 237 *κ

1352 323 1355 327 “
1368 331 1390 362 5

1290 333 1319 373 qm

871 428 948 462 DE
999 427 1353 462 VESICULIS
1404 429 1809 467 MULTIFIDIS.

546 543 716 574 Treviro
730 554 780 573 nu
795 553 807 573 s
830 543 1003 574 vesiculas
1023 543 1211 584 multifidas
1233 543 1379 575 inservire
1403 545 1507 576 credit
1531 546 1572 577 ad
1594 546 1816 579 formationem
1846 548 1956 579 hastae
1977 553 2152 584 amatoriae
2167 576 2176 591 ,

504 601 692 630 <menius
721 610 794 631 vero
819 600 860 630 ad
882 600 1105 632 formationem
1130 611 1281 638 ovorum,
1321 601 1397 631 dum
1430 603 1527 633 etiam
1568 603 1716 634 Miiller
1746 605 1813 635 1.1.
1844 605 1915 634 illas
1946 613 2109 637 enumerat
2134 610 2176 638 si·-

503 657 568 686 mul
588 667 662 687 cum
683 657 820 687 vesicula
842 658 923 688 inter
942 658 1111 699 glandulas
1133 656 1176 688 ad
1202 657 1369 688 albuminis
1400 662 1565 699 testaeque
1596 659 1806 690 secretionem
1828 660 2049 698 inservientes,
2075 669 2174 703 atque

499 713 545 742 «le
570 712 758 743 Blainvil
773 714 806 744 le
827 724 958 755 quoque
981 719 1113 745 testatur
1137 715 1306 755 scriptores
1342 714 1471 748 adesse,
1506 715 1562 755 qui
1580 725 1672 746 „cum
1705 716 1850 747 vesiculis
1884 718 2088 749 seminalibus
2104 720 2174 750 illas

499 770 768 809 comparaverint.

540 825 659 855 Contra
685 826 820 865 primam
857 829 1045 858 sensentiam
1077 827 1180 858 afferri
1203 831 1328 868 potest,
1361 827 1456 858 etiam
1486 827 1517 857 in
1556 826 1721 869 Vagz'nulo
1759 828 1946 859 Tamzaz'se’z'
1967 836 2062 871 atque
2085 832 2175 862 Par·

498 881 640 912 macella
668 882 829 913 Olz'viert'z'
845 884 997 914 vesiculas
1020 885 1090 914 illas
1115 884 1274 919 inveniri,
1296 894 1360 914 non
1384 888 1490 914 tamen
1514 883 1637 913 hastam
1663 885 1852 915 amatoriam
1876 885 1995 916 adesse.

539 936 656 968 Contra
679 939 853 969 secundam
879 944 985 970 autem
1007 941 1102 970 etiam
1124 940 1156 970 in
1192 939 1354 980 Vasfl'nulo
1390 939 1570 969 Tazcnaz‘sc'z'
1591 940 1746 970 vesiculas
1769 940 1839 969 illas
1859 950 1923 970 non
1951 951 2023 971 cum
2045 941 2171 981 organis

497 993 660 1030 femineis,
698 1005 804 1024 verum
832 1006 906 1026 cum
937 996 1122 1027 masculinis
1142 995 1333 1032 cohaerere3
1359 999 1457 1035 atque
1480 996 1576 1036 igitur
1608 1005 1716 1025 earum
1742 996 1860 1025 utilitas
1892 1006 1956 1027 non
1980 997 2061 1026 inter
2083 996 2174 1025 femi-

495 1059 589 1086 nem,
614 1061 724 1080 verum
748 1051 830 1081 inter
850 1052 1043 1082 masculinas
1063 1051 1243 1082 functiones
1264 1056 1309 1081 est
1332 1051 1530 1091 quaerenda.

542 1105 620 1148 Cum
653 1106 747 1136 tertia
771 1111 877 1137 autem
903 1108 1064 1143 concinit,
1090 1106 1179 1148 quod
1204 1106 1437 1138 Brandtius
1471 1112 1567 1148 atque
1601 1107 1902 1149 Ratzeburgius
1928 1108 2172 1139 observaverunt

498 1161 651 1191 wsiculas
674 1162 742 1191 illas
772 1168 842 1203 post
863 1163 1106 1204 copulationem
1145 1173 1263 1194 vacuas
1292 1164 1447 1201 inveniri;
1481 1164 1587 1205 liquor
1622 1174 1719 1199 vero,
1743 1175 1839 1204 quem
1869 1165 2057 1203 continent,
2095 1165 2172 1195 milri

495 1227 510 1245 a
536 1221 694 1256 ssermate
717 1218 839 1249 alienus
862 1220 1012 1260 apparuit
1035 1223 1133 1259 atque
1157 1219 1227 1249 illas
1248 1219 1334 1249 omni
1355 1219 1420 1249 fere
1442 1223 1586 1258 tempore
1607 1219 1716 1258 plenas
1745 1218 1839 1259 liujus
1857 1219 1989 1259 liquoris
2008 1220 2126 1250 inveni.

537 1272 641 1310 Quum
665 1273 826 1305 Helieibus
850 1276 923 1306 solis
943 1271 981 1306 si't
1002 1275 1186 1317 proprium',
1222 1279 1256 1305 ut
1281 1285 1340 1305 ova
1372 1275 1405 1305 in
1431 1278 1525 1305 antro
1552 1273 1759 1304 subterraneo
1789 1274 1970 1314 deponent,
2008 1276 2143 1316 primum
2160 1298 2169 1311 ‚

495 1333 669 1369 antequam
696 1330 858 1372 Vagz'nulz'
878 1336 1070 1363 structuram
1095 1331 1238 1363 videram
1253 1353 1261 1368 ‚
1287 1330 1462 1362 credebam
1487 1330 1640 1362 vesiculas
1660 1329 1729 1360 illas
1753 1330 1884 1370 quidem
1903 1341 1992 1371 posse
2022 1332 2168 1362 inservire

493 1385 536 1414 ad
562 1386 696 1425 parietes
717 1386 810 1427 hujus
835 1388 916 1418 antri
941 1388 1072 1418 materie
1106 1388 1265 1428 glutinosa
1302 1386 1475 1426 tegendos,
1509 1390 1544 1414 ut
1576 1384 1640 1414 hac
1671 1386 1794 1414 ratione
1824 1385 1945 1414 firmius
1980 1386 2167 1415 redderetur

493 1445 632 1470 antrum.
687 1441 792 1479 Quum
828 1447 934 1471 autem
970 1445 1002 1471 in
1036 1429 1202 1481 Vagz‘nulo
1236 1442 1426 1469 Taunaisiz'
1442 1441 1490 1468 'in
1528 1438 1654 1467 orificio
1689 1449 1884 1478 organorum
1922 1440 2168 1470 masculinorum

494 1496 700 1534 aperiantur,
725 1496 778 1526 illa
804 1496 958 1528 sententia
978 1506 1044 1527 non
1068 1496 1202 1538 amplius
1227 1493 1305 1525 mihi
1326 1498 1492 1536 tantopere
1524 1491 1660 1528 arridet,
1688 1503 1886 1534 quamquam
1907 1495 2014 1525 locum
2036 1495 2168 1535 quidem

492 1551 611 1580 habere
637 1556 752 1592 posset.

533 1606 686 1647 Organon
709 1607 872 1638 vasculare
891 1630 898 1643 ‚
921 1608 1012 1648 quod
1045 1608 1077 1638 in
1104 1606 1268 1638 Oncha'dt'o
1294 1607 1441 1637 Perom‘z'
1467 1605 1672 1637 ohsarvamus
1708 1603 1785 1644 (fig.
1807 1604 1859 1635 40.
1881 1615 1908 1635 e.
1930 1605 1981 1645 e.)
2000 1627 2008 1641 ‚
2034 1605 2165 1637 fortasse

489 1663 637 1702 quidem,
662 1664 774 1704 quoad
797 1664 1014 1700 functionem,
1043 1674 1116 1694 cum
1137 1662 1281 1693 vesiculis
1302 1661 1469 1692 multifidis
1490 1662 1651 1694 convenit,
1698 1660 1849 1702 Organon
1869 1660 1948 1691 illud
1972 1661 2063 1692 valde
2086 1671 2165 1692 con·=

489 1719 593 1750 venire
619 1720 741 1751 videtur
759 1730 832 1750 cum
857 1721 1000 1751 vesiculis
1019 1718 1224 1751 seminalibus
1242 1718 1437 1750 insectorum
1466 1718 1544 1760 (1).

1279 1831 1309 1872 g.
1356 1830 1390 1862 4„

1006 1932 1074 1965 DE
1106 1931 1295 1966 HASTA
1330 1930 1652 1965 AMATORIA.

530 2058 673 2087 Hastam
699 2058 900 2087 amatore'am
921 2066 1009 2092 non,
1033 2056 1057 2085 si
1089 2055 1171 2086 bene
1209 2056 1349 2087 intellexi
1379 2054 1530 2086 Okenii
1566 2054 1662 2086 verba
1690 2054 1778 2095 (2),
1811 2064 1902 2094 posse
1927 2052 2072 2085 inservire
2088 2078 2095 2090 ,
2123 2059 2157 2084 ut

486 2123 603 2153 organa
632 2113 843 2154 generationis
863 2112 946 2142 illius
976 2121 1037 2152 ope
1066 2116 1180 2142 contra
1204 2117 1350 2145 externas
1381 2111 1595 2143 defendantur
1623 2110 1775 2153 injuriaS,
1807 2111 1926 2152 cuique
1950 2110 2044 2141 sicile
2065 2116 2155 2151 pate-

485 2170 551 2205 bit,
577 2169 645 2210 ejus
665 2170 757 2199 situm
780 2174 879 2210 atque
901 2167 1037 2199 formam
1058 2167 1249 2199 observanti.
1707 2198 1720 2208 Α
2070 2207 2093 2237 P

2098 2217 2155 2237 ro-

521 2281 573 2313 (1)
595 2279 678 2308 Cous.
698 2280 772 2306 Arm.
789 2279 836 2305 des
859 2280 906 2305 Sc.
933 2281 998 2305 Nat.
1012 2298 1019 2311 ,
1040 2279 1116 2306 Tom.
1137 2277 1176 2303 11.
1201 2276 1244 2304 Pl.
1268 2280 1293 2306 5.
1321 2277 1367 2315 lig.
1386 2279 1411 2305 5.

520 2328 569 2361 (2)
589 2325 651 2353 Vixi.
673 2325 755 2361 hujus
778 2325 1017 2353 commentationis
1029 2346 1038 2361 ‚
1056 2335 1117 2362 pag.
1135 2325 1178 2351 26-
