2361 2974
480 200 523 232 24
1038 189 1599 229 novttRLonEN,

1263 321 1293 362 g.
1340 321 1373 352 6.

1009 433 1322 472 WAGNERI
1372 441 1649 470 SENTENTIA.

538 558 606 588 Wa
618 562 770 597 gnerus
784 575 791 588 ‚
817 551 954 593 primum
978 550 1138 581 Trevira
1151 549 1188 580 ni
1218 548 1391 579 sententiae
1412 547 1561 578 addictus
1583 548 1594 588 (
1612 556 1621 577 1
1637 547 1649 588 )
1668 570 1675 584 ,
1701 552 1871 589 postquam
1896 548 1991 580 Cari
2017 548 2165 580 observa.

497 616 597 644 tiones
619 613 808 650 acceperat,
833 608 887 637 itta
922 606 1137 647 experimenta
1172 605 1317 640 iteravit.
1344 614 1410 645 qua
1445 604 1476 634 in
1511 614 1546 634 re
1580 604 1682 634 Caro
1715 606 1891 641 consensit,
1925 606 2014 646 quod
2048 616 2162 646 nempe

492 669 636 701 ovarium
657 664 843 697 Cuvierii
867 673 900 693 re
925 672 997 693 vera
1023 671 1084 693 ova
1104 662 1283 692 contineret
1305 661 1384 700 (2).
1431 659 1540 690 Credit
1572 660 1765 691 animalcula
1782 662 1973 702 spermatica
1997 662 2071 691 talia
2100 672 2163 691 esse

493 724 665 760 habenda,
699 731 836 762 quorum
868 719 1077 760 praesentiam
1102 728 1118 748 e
1151 717 1251 747 tribus
1283 716 1343 745 iltis
1370 715 1524 755 explicari
1547 726 1637 756 posse
1665 721 1779 757 putat:
1813 732 1829 750 «
1853 717 1891 756 l)
1919 717 1978 746 Der
2000 717 2163 747 Eierstock

495 798 510 815 ‹<
530 781 699 823 producirt
731 775 930 818 gleichzeitig
951 775 1007 803 mit
1038 773 1099 803 den
1130 772 1227 803 Eiern
1261 769 1566 806 Samenthierchen‚
1594 781 1662 802 was
1693 774 1753 802 mir
1773 771 2085 804 unwahrseheintich
2113 773 2162 802 ist.

495 853 510 870 κ
529 836 574 877 2)
600 837 655 866 Die
673 829 956 864 Samenthierchen
977 830 1133 871 gelangen
1151 838 1206 858 aus
1227 828 1300 858 dem
1320 826 1435 857 Hoden
1455 825 1510 856 des
1534 826 1762 858 Zwitterthiers
1787 828 1891 859 durch
1910 829 1975 859 den
2005 828 2161 868 Eiet-gang

497 909 512 925 κ
532 894 565 924 in
587 892 650 923 den
668 887 845 921 Eierstoek.
891 885 932 927 3)
958 886 1013 916 Die
1038 883 1321 915 Samenthierchen
1343 886 1443 912 treten
1464 880 1549 912 nach
1566 882 1624 912 der
1635 882 1855 925 Besruchtung
1873 894 1928 914 aus
1949 884 2006 913 der
2027 884 2168 914 anderen

496 964 511 982 ‹<
532 947 700 979 Schnecke
724 945 756 976 in
774 944 826 974 die
847 953 885 972 zu
919 940 1174 972 befruchtenden
1194 939 1389 971 Eierstocke.
1437 937 1529 970 Dann
1553 939 1677 969 mussen
1708 939 1759 970 die
1793 937 2079 971 Samenthierchen
2110 949 2166 970 vor

497 1019 512 1037 «
533 1004 589 1036 der
605 1000 827 1041 Befruehtung
850 997 966 1028 tehlen.
983 997 1004 1009 '’

539 1059 630 1090 Haec
648 1062 812 1099 praeterea
833 1055 982 1095 leguntur
1014 1051 1054 1081 de
1085 1051 1141 1081 isso
1167 1060 1310 1092 organo,
1335 1049 1425 1091 quod
1454 1049 1616 1079 testiculus
1641 1053 1685 1079 est
1709 1048 1914 1080 habendum:
1947 1063 1963 1082 «
1983 1049 2026 1079 Ist
2048 1048 2098 1080 ein
2121 1050 2167 1080 ei-

496 1131 512 1149 «
532 1124 627 1157 gener
650 1113 744 1144 Hode
761 1110 970 1145 vor-handen,
993 1118 1027 1138 so
1050 1107 1133 1148 fragt
1154 1117 1187 1137 es
1210 1107 1298 1144 sich,
1333 1116 1387 1137 wo
1416 1105 1454 1135 ist
1475 1105 1644 1136 derselhe?
1689 1107 1769 1137 Was
1798 1106 1942 1138 Cuvier
1971 1105 2023 1135 fiir
2048 1105 2165 1136 Hoden

497 1186 513 1203 ι(
533 1170 652 1207 nahm,
685 1167 808 1199 scheint
836 1166 897 1196 mir
928 1165 985 1194 das
1018 1166 1131 1202 Organ
1164 1162 1255 1194 nicht
1280 1173 1320 1192 zu
1349 1161 1433 1199 sein;
1467 1162 1519 1191 nie
1549 1161 1627 1193 fand
1655 1161 1709 1192 ich
1737 1161 1830 1192 darin
1867 1161 2164 1192 Samemhierchen‚

496 1239 513 1258 «
534 1226 648 1256 [mmet
666 1222 797 1254 enthielt
819 1232 851 1252 es
868 1218 1048 1251 zahlreiehe
1068 1218 1265 1258 Fetttropfen
1281 1227 1345 1248 von
1364 1215 1605 1247 verschiedener
1631 1217 1742 1247 Grosse
1757 1239 1764 1252 ‚
1790 1215 1916 1247 welche
1938 1215 1992 1245 ich
2015 1216 2066 1245 fiir
2088 1216 2167 1245 Dot-

499 1295 515 1313 «
535 1280 641 1311 terfett
668 1278 778 1310 nahm.
823 1276 881 1307 Ich
902 1275 1012 1305 suchte
1042 1274 1219 1305 anhaltend
1252 1271 1338 1302 nach
1372 1271 1504 1301 Dottern
1541 1271 1609 1302 und
1629 1270 1897 1307 Keimhliischem
1933 1271 2062 1301 letztere
2088 1269 2167 1300 fand

499 1352 516 1370 (ι
535 1335 587 1367 ich
615 1335 685 1372 nie;
717 1332 771 1364 ich
800 1332 868 1362 liess
903 1330 989 1361 mich
1021 1330 1144 1371 jedoch
1184 1328 1335 1361 verleiten
1368 1325 1565 1368 (Lelzrbuch
1589 1326 1700 1367 307),
1731 1325 1871 1356 einzelne
1905 1327 2046 1365 grossere
2076 1324 2168 1355 ovate

500 1405 516 1423 «
534 1391 683 1429 Korper.
707 1386 832 1418 welche
858 1386 978 1417 wieder
1008 1384 1188 1417 zahlreiche
1216 1381 1456 1424 Fetttropschen
1484 1379 1673 1417 enffiielten,
1700 1379 1751 1409 ἰὼ·
1771 1379 1843 1409 Eiet
1872 1379 1950 1409 oder
1970 1380 2103 1410 Dottern
2125 1389 2164 1408 zu

498 1459 513 1477 ((
534 1444 652 1474 halten.
667 1441 686 1454 '⁹

1280 1513 1388 1523 ——a

544 1592 666 1624 Eodem
697 1588 778 1620 libro
814 1587 909 1618 etiam
945 1586 1090 1627 anquiri,
1126 1596 1142 1615 e
1167 1582 1387 1615 dissertatione
1414 1581 1657 1612 Troschetii
1691 1581 1754 1623 (3)
1789 1582 2009 1624 desumptum,
2046 1583 2170 1614 inveni-

508 1656 558 1680 tur
581 1647 647 1690 (4)
665 1669 672 1682 ,
697 1644 751 1674 ubi
769 1642 903 1672 habetur
919 1665 926 1677 ,
953 1642 1040 1671 illum
1064 1640 1320 1670 animadvertisse
1340 1642 1524 1672 auctorem,
1548 1636 1594 1666 uti
1616 1637 1687 1678 jam
1718 1644 1812 1669 antea
1832 1640 1979 1670 Mtitler
2009 1644 2054 1670 z'm
2084 1639 2169 1669 Jah-

508 1700 710 1734 resbericlzle
724 1696 857 1740 (Archiv
875 1695 963 1727 1834.
988 1707 1019 1735 p.
1033 1695 1096 1733 67)
1119 1706 1285 1735 organon,
1310 1704 1327 1723 a
1350 1693 1541 1724 Cuvierio
1561 1692 1693 1732 aliisque
1715 1704 1827 1734 penem
1849 1699 2020 1729 vocatum.
2043 1695 2170 1734 proprie

509 1768 624 1800 penem
661 1765 727 1785 non
760 1761 847 1785 esse,
880 1751 935 1780 sed
967 1760 1039 1780 cum
1076 1751 1244 1791 praeputio
1273 1759 1337 1779 esse
1363 1747 1636 1788 comparandum,
1674 1748 1763 1786 quod
1793 1748 1926 1778 durante
1962 1749 2169 1787 copulatione

509 1821 657 1854 magnam
683 1808 768 1839 muci
789 1805 1003 1847 quantitatem
1022 1805 1178 1842 secernit3
1202 1815 1317 1846 penem
1341 1809 1454 1836 contra
1486 1812 1550 1832 esse
1577 1800 1782 1837 habendum,
1817 1811 1960 1842 organon
1994 1802 2074 1832 illud
2096 1813 2171 1843 par·

508 1878 583 1900 vum
609 1871 721 1899 tenue.
747 1862 836 1903 quod
865 1865 935 1902 post
962 1862 1176 1892 evolutionem
1206 1862 1288 1892 illius
1322 1859 1481 1903 praeputii
1509 1858 1583 1889 foris
1616 1855 1725 1898 prodit
1756 1861 1853 1897 atque
1889 1858 1990 1888 solum
2021 1858 2170 1898 vaginam

512 1927 607 1956 intrat
634 1920 710 1961 (5).

2081 1953 2170 1983 Idem

547 2042 555 2073 (
570 2039 597 2071 ι)
616 2034 753 2063 Lelzrbuclz
777 2032 826 2059 der
843 2031 1060 2066 vergleichenden
1081 2032 1241 2062 Analomie,
1262 2031 1292 2064 ἓ..
1303 2032 1360 2056 226.

551 2089 582 2121 (2
597 2087 604 2117 )
623 2083 831 2118 &Viegmaun
843 2099 850 2111 ‚
869 2079 980 2105 Archiv
994 2081 1044 2113 fiir
1061 2079 1321 2113 Naturgeschichte,
1342 2076 1433 2102 Berlin
1449 2096 1456 2108 ‚
1476 2076 1548 2102 1835.
1575 2073 1668 2107 Jahrg.
1686 2072 1708 2100 I.
1734 2072 1762 2098 Β.
1784 2082 1805 2098 1.
1832 2071 1859 2099 S.
1879 2073 1936 2100 358.

553 2132 605 2166 (3)
622 2128 800 2156 'rrosehel
814 2148 821 2159 ,
853 2128 930 2153 Diss.
954 2126 987 2153 de
1016 2127 1212 2161 Lymnaeaaeis
1236 2134 1283 2152 seu
1308 2125 1341 2152 de
1374 2123 1565 2157 casteropodis
1589 2121 1768 2154 pulmonaaeis,
1800 2128 1869 2154 quae
1903 2120 2004 2146 nostris
2031 2121 2061 2146 in
2091 2121 2168 2154 aquis

517 2184 626 2210 vivunt,
649 2176 769 2202 Berolini
791 2177 863 2205 1834.

552 2227 597 2262 (4)
617 2224 799 2258 Wiegman
811 2232 827 2247 n
842 2242 850 2255 ‚
875 2218 1047 2255 Archivsiit·
1063 2221 1129 2247 Nat.
1143 2239 1152 2252 ,
1170 2218 1300 2254 Jahrg.1.
1326 2217 1356 2246 Β.
1374 2228 1396 2245 ῐ.
1422 2216 1448 2243 S.
1471 2218 1529 2243 326.

547 2272 598 2306 (5)
618 2271 706 2298 Etiam
726 2269 874 2295 Trevira
885 2277 949 2294 uus
969 2272 1049 2294 antea
1062 2266 1129 2292 illud
1148 2263 1360 2297 animadvertit;
1378 2273 1463 2299 quum
1487 2270 1608 2296 organon
1621 2279 1630 2294 ,
1651 2271 1665 2287 a
1684 2260 1706 2286 C
1717 2270 1732 2285 u
1743 2259 1862 2286 vierio
1878 2260 1905 2287 iu
1932 2260 2067 2287 Planorbe
2083 2263 2166 2292 atque

517 2324 659 2358 Lymnaea
684 2326 783 2355 penem
805 2320 943 2347 vocatum,
963 2323 1018 2340 non
1043 2314 1098 2347 ita,
1118 2323 1214 2343 verum
1246 2311 1383 2340 sacculum
1405 2310 1483 2348 penis
1515 2309 1657 2338 vocaum.
1692 2307 1725 2334 In
1748 2309 1859 2336 Lcmace
1887 2315 1977 2336 tamen
2001 2314 2101 2333 nomen
2125 2312 2171 2339 pe·

2131 2359 2171 2377 nis
