2361 2974
449 215 745 249 RESPONsro
779 226 828 248 Α»
861 214 1233 256 QUAEsrroNEM
1267 206 1628 251 zoonocrcAm.
1860 224 1881 253 9

207 315 277 343 tur,
301 317 366 349 qua
386 308 593 338 verisimiliter
621 316 733 338 mucus
760 307 951 346 secernitur,
975 319 1041 350 quo
1068 309 1214 341 sacculus
1238 307 1370 350 ejusque
1403 319 1503 350 ruga,
1528 314 1611 341 statu
1641 311 1792 347 evoluto,
1818 313 1877 344 ol)-

201 366 317 406 tegitur
331 387 338 400 ,
365 369 462 404 atque
480 365 523 394 ita
545 368 657 395 contra
683 368 828 395 externas
848 364 981 406 injurias
1000 366 1151 397 munitur.

243 421 425 462 Aperluroe
459 424 602 451 externa
627 422 863 461 generationis
897 421 1086 462 plerumque
1126 425 1171 452 est
1204 422 1312 453 clausa
1332 444 1340 457 ,
1376 426 1472 462 atquc
1514 427 1590 453 tunc
1627 422 1677 453 vix
1717 422 1875 454 observari

200 481 314 518 potest.
359 477 500 508 Instante
523 476 731 517 copulatione
760 485 835 507 vero
858 476 953 507 valde
977 477 1153 514 dilatatur,
1179 478 1224 507 uti
1246 478 1343 508 etiarn
1365 480 1561 520 spiraculum
1577 502 1585 516 ,
1626 484 1724 521 atque
1758 479 1876 510 deinde

199 534 344 564 sacculus
375 538 406 564 et
434 533 524 574 penis
556 533 770 563 musculorum
807 533 888 563 cutis
918 533 1142 564 contractione
1174 534 1379 572 evolvuntur,
1415 535 1491 566 dum
1523 546 1601 576 ruga
1630 536 1752 567 sacculi
1780 535 1875 566 valde

199 589 378 620 intumescit
406 588 482 629 (fig.
504 588 584 629 6.),
615 589 659 618 ita
694 592 728 618 ut
759 587 855 629 triplo
880 589 976 620 etiam
1004 589 1109 630 major
1133 588 1211 624 fiat,
1249 599 1348 630 quam
1375 594 1458 622 statu
1482 596 1634 623 retracto.
1680 592 1719 623 In
1741 592 1873 623 limace

197 648 327 676 cinereo
352 645 499 676 sacculus
530 644 708 675 communis
742 645 955 685 generationis
985 645 1079 676 valde
1105 645 1236 686 exiguus
1267 651 1335 684 est,
1368 652 1466 688 atque
1495 657 1561 678 non
1587 648 1746 688 amplior,
1772 658 1870 688 quam

197 712 278 742 opus
308 705 386 732 esset
419 700 461 730 ad
491 700 697 730 insertionem
718 701 825 741 penis,
850 701 988 742 vaginae
1017 705 1048 730 et
1077 700 1192 731 ductus
1222 703 1392 733 excretorii
1423 703 1599 739 vesiculae,
1627 714 1732 745 neque
1757 713 1871 744 rugam

198 757 433 798 linguiformem
463 756 623 793 ostendit,
649 756 781 798 ejusque
815 761 964 798 apertura
1005 756 1083 798 (fig.
1110 756 1169 797 9.)
1202 758 1368 798 paululum
1400 763 1471 800 post
1505 760 1702 790 tentaculum
1725 760 1870 791 dextrum

194 814 296 855 majus
318 813 485 844 invenitur.

973 918 1003 958 §.
1051 916 1085 947 2.

734 1024 1088 1061 VAGINULUS.
1131 1022 1314 1068 (Feruss.)

842 1106 1215 1149 (rfg.11‚12,13),

232 1226 266 1256 In
296 1225 460 1267 raginulo
495 1212 673 1255 humisa·
695 1224 774 1266 (fig.
800 1225 865 1267 ιι.)
893 1226 982 1268 (ι),
1015 1227 1108 1269 cujus
1140 1228 1336 1258 anatomiam
1366 1227 1415 1258 de
1448 1227 1680 1260 Blainviue
1713 1229 1745 1261 in
1767 1239 1861 1272 opere

185 1280 401 1321 pulcherrimo
431 1281 673 1312 Ferussacii
706 1282 850 1323 depinxit
887 1286 986 1323 atque
1022 1283 1209 1324 descripsit,
1235 1282 1415 1313 testiculus
1444 1284 1508 1324 (2)
1536 1284 1612 1325 (fig.
1638 1285 1687 1316 12.
1712 1286 1769 1327 o.)
1795 1297 1861 1318 non

185 1345 337 1376 magnus,
362 1337 569 1376 sphaericus,
593 1338 625 1368 in
649 1338 858 1368 excavatione
887 1339 988 1378 partis
1020 1339 1186 1370 anterioris
1220 1338 1319 1369 lobuli
1348 1339 1532 1380 posterioris
1565 1339 1687 1381 hepatis
1718 1342 1858 1382 positus,

184 1401 199 1421 e
222 1392 363 1432 granulis
384 1392 458 1422 satis
479 1392 604 1434 magnis
626 1393 822 1434 compositus
845 1396 901 1424 est.

227 1447 271 1478 Ex
290 1448 346 1478 illo
369 1458 509 1489 organo,
537 1449 583 1478 uti
607 1448 674 1478 fieri
696 1449 795 1484 solet,
819 1450 921 1478 oritur
944 1458 1006 1477 vas
1029 1447 1190 1486 deferens
1210 1448 1280 1488 (fig.
1303 1450 1354 1480 12.
1379 1448 1427 1488 k.)
1452 1459 1469 1479 e
1493 1448 1630 1480 vasculis
1658 1449 1863 1482 efferentibus

183 1503 340 1539 testiculi,
366 1503 455 1544 quod
476 1503 572 1535 valde
592 1504 798 1544 granulatum
820 1507 887 1539 est,
912 1501 1062 1533 filirorme
1084 1506 1182 1543 atque
1206 1503 1332 1540 album,
1361 1514 1378 1534 a
1400 1504 1576 1545 posteriore
1599 1506 1640 1536 ad
1664 1507 1859 1539 anteriorem

182 1559 324 1600 corporis
347 1568 470 1600 partem
494 1570 525 1589 se
549 1560 673 1591 confert
689 1582 697 1595 ,
735 1564 833 1601 atque
865 1570 960 1601 super
982 1558 1126 1590 ovarium
1149 1560 1329 1599 procurrit,
1363 1559 1419 1590 ubi
1439 1561 1606 1601 paululum
1630 1563 1766 1602 amplius
1788 1564 1858 1595 fac-

181 1621 246 1646 tum
268 1617 373 1646 multis
395 1616 487 1657 plicis
510 1616 696 1656 constipatis
719 1615 902 1651 instruitur,
928 1619 1025 1655 atque
1050 1615 1193 1645 ovarium
1223 1620 1389 1655 penetrare
1419 1616 1561 1653 videtur,
1595 1627 1652 1658 per
1675 1618 1765 1658 quod
1790 1620 1858 1649 vol·

180 1672 262 1702 vitur
284 1676 458 1712 antequam
486 1674 521 1702 z'n
546 1672 703 1702 ovz'ductu
727 1672 884 1713 aperitur
908 1669 971 1711 (5)
994 1669 1058 1711 (1²)

1759 1730 1851 1760 Duc-

211 1844 441 1878 (1)Feruss.,
471 1844 561 1880 suppl.
595 1846 608 1870 i«
633 1845 657 1870 la
681 1843 747 1871 sam.
780 1843 827 1870 des
851 1842 991 1876 Limaces‚
1022 1851 1086 1878 pag.
1110 1844 1143 1876 96
1167 1852 1193 1877 q.
1221 1841 1261 1869 Pl.
1275 1842 1299 1870 S.
1317 1842 1352 1870 A.
1386 1841 1430 1877 fig,
1450 1851 1473 1875 7.
1500 1841 1540 1869 Pl.
1562 1846 1584 1870 8.
1605 1842 1635 1869 Β.
1670 1843 1718 1879 fig.
1740 1853 1749 1869 r
1776 1849 1803 1869 et
1824 1852 1848 1870 2.

173 1891 213 1919 Pl.
230 1894 253 1919 8.
269 1892 300 1918 C.

206 1940 262 1973 (2)
280 1938 399 1967 Nomina
424 1936 589 1976 organorum
626 1940 794 1968 mutavimus
822 1938 974 1966 secundum
1005 1943 1123 1974 systema
1155 1949 1169 1965 a
1207 1937 1285 1964 nobis
1308 1942 1471 1975 acccptum3
1495 1939 1521 1964 in
1549 1938 1734 1976 descriptione
1759 1948 1844 1973 vero,

175 1992 308 2021 quantum
328 1987 467 2024 potuimus
491 1989 532 2014 de
562 1987 769 2016 Blainville
798 1986 882 2013 secuti
904 1994 1020 2019 sumus5
1046 1985 1092 2011 ubi
1108 1995 1171 2014 vero
1196 1995 1227 2012 ex
1247 1987 1451 2022 comparatione
1477 1995 1538 2013 cum
1566 1986 1679 2013 caeteris
1704 1987 1845 2013 Pneumo·

174 2035 238 2061 uicis
263 2035 367 2071 aliquid
393 2035 483 2062 minus
506 2040 629 2062 accurate
649 2036 758 2072 patuit,
777 2033 978 2062 denotavimus.
1013 2033 1116 2059 Eadem
1139 2033 1245 2061 ratione
1269 2038 1365 2070 postea
1393 2034 1420 2060 in
1450 2034 1637 2061 describendis
1664 2035 1772 2070 organis
1796 2044 1844 2071 ge-

172 2082 321 2110 nerationis
344 2083 530 2117 Testacellae‚
554 2084 739 2111 Parmacellae
760 2089 844 2119 atque
859 2081 990 2110 Onchidii
1008 2091 1129 2117 agemus.

204 2131 253 2164 (3)
271 2131 427 2157 Secundum
441 2132 611 2165 {Cuvierii
628 2138 760 2168 systema,
780 2132 855 2168 quod
876 2131 958 2158 etiam
977 2129 1011 2156 de
1030 2128 1228 2157 Blaiuville
1246 2134 1355 2156 secutus
1374 2135 1433 2163 est,
1450 2131 1477 2158 in
1499 2130 1628 2159 oviductu
1646 2139 1692 2157 vas
1713 2128 1840 2156 deserens

171 2177 334 2212 (ovidnctus
354 2179 540 2213 Cuvierii)
563 2180 663 2216 aperiri
681 2180 780 2213 dehet5
799 2179 950 2206 secundum
970 2187 1037 2207 vero
1061 2177 1128 2204 illud
1148 2176 1335 2205 Trevirani
1355 2178 1544 2215 aliorumque,
1572 2177 1647 2214 quod
1666 2176 1748 2204 etiam
1772 2187 1837 2207 nos,

171 2226 265 2262 paucis
287 2225 426 2261 exceptis,
444 2229 536 2254 'secuti
559 2236 671 2263 sumus,
696 2237 743 2256 vas
768 2228 896 2254 deserens
923 2227 949 2252 in
972 2227 1055 2253 ductu
1077 2224 1203 2253 seminali
1230 2225 1286 2252 sive
1315 2225 1487 2260 immediate,
1507 2227 1565 2254 sive
1586 2225 1707 2262 primum
1730 2226 1757 2251 in
1778 2227 1837 2251 ovi-

168 2274 267 2305 ductu,
287 2274 324 2299 uti
344 2273 370 2299 in
391 2276 504 2302 Limace
524 2277 587 2311 rufo
606 2281 688 2312 atque
708 2276 849 2303 Helicihus
875 2276 965 2302 locum
991 2275 1089 2308 habet,
1110 2273 1209 2311 aperiri
1231 2272 1328 2307 debet5
1346 2283 1433 2311 prope
1459 2274 1583 2301 ovarium
1601 2283 1666 2301 vero
1691 2281 1737 2299 vas
1761 2271 1839 2297 dese-

166 2329 229 2348 rens
247 2325 300 2347 tam
316 2321 427 2349 difficile
449 2322 591 2351 observari
611 2329 719 2360 potest,
741 2329 772 2350 ut
793 2324 942 2350 anatomica
957 2322 1132 2358 indagatione
1151 2320 1220 2347 nihil
1240 2326 1306 2348 certi
1326 2321 1376 2349 hac
1395 2323 1430 2349 de
1448 2331 1478 2349 re
1496 2321 1578 2349 statui
1596 2321 1690 2358 possit,
1727 2319 1753 2345 Si
1773 2327 1837 2345 vero

1200 2371 1224 2400 B
1781 2371 1836 2393 tes-
