2361 2974
460 226 750 262 RESPONSIO
781 235 831 257 in
864 220 1242 265 QUAESTIONEM
1275 208 1636 252 zooL0G1cAM.
1849 220 1887 250 15

212 334 275 357 una
300 325 430 353 externa
454 320 633 353 tenuissima
657 316 732 359 (fig.
758 316 814 350 20.
838 327 860 358 q
890 314 970 357 q.),
994 314 1096 346 altera
1116 322 1192 344 vero
1214 311 1360 349 interna,
1385 310 1567 343 musculosa
1592 309 1671 352 (fig.
1693 310 1744 342 20.
1771 322 1798 342 r.
1812 322 1837 342 r.
1852 311 1878 351 ).

211 381 250 412 In
277 378 390 412 Helice
411 379 568 419 pomatz'a
594 375 658 417 (1)
681 385 700 407 e
719 374 844 406 duabus
875 370 1020 414 partibus
1041 373 1168 401 constat
1190 368 1300 411 penis,
1335 377 1472 409 quarum
1500 377 1565 398 una
1588 367 1767 409 cylindrica
1781 390 1788 403 ‚
1814 378 1882 398 am-

210 437 265 477 pla
297 440 327 466 et
352 434 454 466 brevis
488 433 564 475 (fig.
584 433 637 464 20.
661 431 748 474 μ),
782 430 881 462 altera
917 436 992 459 vero
1026 435 1093 457 non
1125 430 1191 456 tam
1229 424 1358 466 ampla,
1385 423 1440 455 sed
1471 423 1598 465 longior
1633 423 1711 466 (fig.
1730 424 1782 455 20.
1803 434 1824 453 n
1850 424 1884 463 ),

211 502 297 533 quae
327 491 360 522 in
388 500 511 531 organo
542 488 683 520 filiformi
712 485 895 527 longissimo
926 481 1005 525 (fig.
1027 481 1080 512 20.
1102 480 1127 512 l.
1161 481 1217 522 fig.
1239 481 1292 513 27.
1317 480 1370 520 o.)
1405 480 1605 512 terminatur.
1648 479 1740 514 Penis
1760 484 1886 520 apertus

211 550 335 579 interna
368 548 488 588 pagina
520 545 740 576 membranam
772 551 957 576 mucosam,
990 538 1076 580 rugis
1104 537 1293 568 instructam
1322 535 1436 575 offert,
1469 535 1585 576 quibus
1612 536 1645 567 in
1675 540 1766 577 parte
1799 540 1889 566 ante·

214 605 296 634 riore
314 603 436 634 sacculi
455 603 633 634 formantur
655 600 732 642 (fig.
754 599 806 630 2l.
823 598 898 640 α.),
923 596 971 627 uti
1000 596 1034 627 in
1061 594 1250 626 dilatatione
1272 593 1388 625 ductus
1408 592 1566 624 seminalis
1588 593 1770 623 limnaeae
1790 597 1889 633 stag-

214 658 307 689 nalae's
329 658 407 700 (fig.
429 657 483 689 45.
501 657 558 698 d.)
576 668 584 695 3
608 661 699 698 parte
714 665 790 686 vero
809 654 986 695 posteriore
1000 675 1008 689 ‚
1033 660 1118 692 quae
1138 660 1212 681 cum
1240 659 1340 690 parvo
1365 648 1491 679 orificio
1524 646 1605 689 (fig.
1621 648 1675 680 21.
1696 649 1750 687 c.)
1777 650 1808 679 in
1831 659 1888 680 an-

213 715 326 746 teriore
347 718 438 755 parte
460 713 620 754 aperitur,
646 721 744 752 rugae
760 710 834 740 illae
855 708 1057 750 longitudine
1074 707 1198 749 positae
1220 710 1291 737 sunt
1322 704 1399 746 (fig.
1420 704 1473 735 21.
1493 704 1548 744 α’.)
1562 727 1569 741 ,
1595 715 1699 746 neque
1721 705 1819 745 igitur
1844 705 1887 736 ibi

213 771 359 802 sacculos
378 769 515 801 formare
535 772 678 809 possunt.
724 767 803 797 Illae
830 776 929 807 rugae
961 766 1058 796 etiam
1081 764 1113 795 in
1137 763 1229 794 initio
1255 762 1368 792 ductus
1398 760 1557 792 seminalis
1586 760 1807 797 inveniuntur,
1833 762 1888 801 qui

215 827 332 857 ductus
351 825 525 856 lateraliter
545 824 578 855 in
596 834 709 865 penem
732 827 879 865 penetrat
906 822 918 863 (
933 821 989 863 fig.
1006 821 1060 852 21.
1073 832 1100 852 e.
1129 820 1182 851 27.
1196 818 1232 859 f.
1247 817 1258 859 )
1271 840 1281 855 ‚
1308 817 1385 847 dum
1400 817 1491 848 alteri
1509 816 1601 847 lateri
1627 817 1792 858 paululum
1808 817 1889 847 infe·

215 883 279 912 rius
302 882 463 913 musculus
486 881 692 912 retractorius
713 880 802 921 penis
827 879 940 909 affixus
962 882 1007 908 est
1034 876 1111 918 (fig.
1129 876 1183 909 20.
1207 886 1249 906 m.
1282 873 1384 914 21.f.
1421 874 1474 906 27.
1497 872 1569 914 9.).
1622 873 1659 904 In
1682 873 1889 914 copulatione

214 938 361 969 sacculus
382 937 561 969 communis
583 937 737 968 evolvitur
757 936 804 966 uti
834 936 930 966 etiam
952 943 1026 975 pars
1055 932 1224 974 vaginulae
1251 931 1362 972 penis,
1385 930 1430 960 ita
1458 934 1493 959 ut
1523 929 1664 960 anterior
1690 940 1763 971 pars
1783 933 1889 972 ampla

214 994 302 1035 penis
324 995 357 1024 in
381 994 486 1025 lucem
507 993 644 1034 prodeat
665 992 746 1034 (fig.
765 990 856 1033 24).
902 990 1043 1022 Externa
1071 989 1160 1031 penis
1189 988 1288 1018 forma
1313 986 1346 1017 in
1369 985 1484 1017 Helice
1503 984 1672 1016 nemorali
1692 985 1777 1027 (2),
1813 988 1891 1018 hor-

215 1051 309 1080 tensi
335 1049 401 1089 (5)
435 1054 467 1080 et
500 1049 717 1080 arbustorum
750 1048 817 1090 (4)
849 1058 916 1079 non
947 1048 1085 1078 multum
1117 1044 1158 1076 ab
1193 1044 1248 1075 illa
1284 1042 1412 1074 IIelicz‘s
1438 1046 1619 1083 pomaleae
1654 1041 1771 1074 differt.
1817 1044 1894 1075 Pars

211 1115 284 1137 vcro
306 1105 443 1146 amplior
467 1105 569 1136 multo
600 1105 728 1147 longior
757 1108 803 1135 est
824 1105 858 1136 in
885 1104 1001 1136 Helice
1026 1101 1195 1135 nemorali
1224 1105 1255 1132 et
1286 1099 1460 1135 hortensi.
1495 1109 1561 1139 quo
1595 1098 1682 1130 circa
1715 1100 1810 1131 etiam
1833 1101 1893 1131 du-

214 1166 304 1192 rante
334 1162 540 1202 copulatione
570 1162 672 1193 multo
702 1161 804 1203 magis
828 1161 904 1193 foris
937 1161 1070 1203 prodit,
1095 1164 1194 1201 atque
1223 1167 1255 1188 se
1285 1156 1407 1188 circum
1432 1165 1547 1198 penem
1570 1154 1704 1192 Helicis,
1729 1166 1793 1196 qua
1821 1168 1893 1188 cum

214 1216 379 1258 copulatio
396 1217 588 1252 instituitur,
615 1221 743 1258 torquet
767 1217 780 1259 (
790 1217 845 1259 fig.
864 1216 913 1249 18.
929 1216 956 1258 ).

260 1272 422 1304 Ovarz'um
452 1272 529 1314 (fig.
550 1273 604 1305 27.
627 1274 650 1304 i.
673 1272 729 1314 fig.
752 1273 850 1313 23.),
884 1273 1022 1303 formam
1055 1269 1268 1312 cylindricam
1298 1268 1373 1300 satis
1410 1269 1594 1310 elongatam
1622 1271 1652 1299 et
1685 1269 1803 1305 latere,
1838 1270 1893 1301 ubi

214 1339 268 1360 vas
291 1328 436 1360 deferens
463 1329 510 1360 illi
534 1328 688 1361 adhaeret
709 1328 787 1370 (fig.
807 1329 861 1361 27.
884 1328 945 1369 d.)
962 1351 971 1367 ‚
994 1327 1162 1369 paululum
1192 1335 1372 1357 concavam
1397 1323 1567 1360 exhibens,
1592 1328 1789 1356 structuram
1813 1326 1892 1357 den-

213 1385 327 1414 siorem
358 1383 472 1421 offert;
505 1385 695 1425 ceteroquin
729 1394 804 1416 vero
842 1393 909 1415 non
939 1384 1076 1414 multum
1103 1393 1123 1414 a
1151 1382 1299 1413 limacis
1332 1381 1463 1417 ovano,
1493 1379 1565 1421 jam
1590 1385 1684 1412 antea
1710 1382 1893 1422 descripto,

214 1439 333 1472 differt.

260 1495 447 1526 Oviductus
472 1492 551 1534 (fig.
572 1494 614 1526 27
633 1497 664 1524 et
692 1494 740 1525 19.
757 1494 835 1535 j.j.
866 1493 922 1534 fig.
941 1493 1019 1533 23.)
1051 1497 1149 1533 atque
1181 1493 1318 1534 vaginae
1351 1491 1429 1532 (fig.
1453 1493 1496 1523 27
1518 1495 1548 1521 et
1575 1491 1623 1523 19.
1644 1490 1702 1530 k.)
1732 1497 1892 1525 structura

217 1550 394 1584 admodum
414 1549 511 1580 etiam
537 1559 611 1581 cum
639 1550 694 1581 illa
717 1551 865 1581 Lz‘macz‘s
887 1548 1051 1581 convenit.

258 1609 394 1638 Ductus
416 1608 625 1637 excretorias
645 1605 817 1637 vesiculae
833 1605 915 1647 (fig.
941 1605 991 1638 19.
1015 1605 1082 1646 m.)
1107 1604 1195 1636 haud
1215 1604 1329 1645 procul
1350 1603 1391 1634 ab
1408 1603 1533 1634 orificio
1555 1604 1691 1645 vaginae
1709 1605 1741 1636 in
1758 1609 1890 1639 sacculo

218 1663 379 1695 communi
399 1662 631 1703 generationis,
655 1662 689 1693 in
706 1662 759 1693 illa
781 1662 933 1704 aperitur.
983 1660 1135 1692 Vest'culoe
1167 1660 1246 1701 (fig.
1267 1660 1316 1691 19.
1339 1659 1412 1699 l.)‚
1443 1659 1537 1700 juxta
1569 1660 1758 1692 oviductum
1793 1674 1894 1704 prope

216 1721 360 1752 ovarium
391 1720 514 1760 posita,
539 1719 675 1749 formam
699 1718 798 1749 habet
818 1717 1019 1760 sphaericam
1047 1721 1145 1758 atque
1174 1716 1316 1747 colorem
1346 1725 1479 1747 russum.
1532 1716 1612 1758 Ejus
1635 1717 1751 1748 duxtus
1780 1729 1892 1750 excre-

217 1776 332 1812 torius‚
357 1775 452 1816 juxta
474 1774 663 1806 oviductum
683 1774 876 1812 decurrens,
901 1773 1089 1806 membrana
1110 1772 1297 1809 vasculosa‚
1323 1772 1528 1812 tenuissima,
1553 1773 1626 1804 laxa
1651 1774 1729 1816 (fig.
1757 1775 1804 1806 19.
1832 1777 1888 1816 u.)

218 1843 292 1864 cum
309 1832 365 1863 illo
384 1831 546 1863 cohaeret.

259 1889 297 1921 In
326 1887 441 1922 Helice
473 1886 712 1924 arbustorum,
738 1887 784 1918 uti
814 1887 885 1929 jam
915 1886 1178 1926 memoravimuS‚
1205 1886 1369 1928 peculiare
1402 1890 1569 1928 praeterea
1601 1897 1746 1928 organon
1779 1888 1888 1919 obser-

1842 1955 1896 1976 VH-

250 2035 307 2069 (1)
327 2033 413 2061 Lam.
440 2033 518 2060 Tom.
534 2033 582 2062 VI.
602 2034 670 2061 Pars
683 2043 704 2061 α.
727 2044 754 2071 p.
769 2036 812 2067 67.
850 2033 1017 2070 Helc'cogcna
1032 2034 1161 2068 pomaria
1181 2031 1359 2060 Ferussac
1372 2052 1380 2067 ‚
1409 2032 1531 2060 Tableau
1553 2034 1622 2071 Syst.
1652 2034 1686 2060 de
1709 2033 1735 2061 la
1755 2033 1819 2063 sam.
1840 2035 1887 2061 des

218 2081 380 2117 Limacons,
398 2091 461 2118 pag.
477 2083 518 2109 33.
542 2082 585 2110 Pl.
599 2091 646 2117 αι,
666 2091 712 2117 22,
732 2085 763 2110 23
783 2087 810 2109 et
833 2084 874 2114 24.

254 2130 301 2164 (a)
320 2130 408 2156 Lam.
432 2131 509 2158 Tom.
519 2130 570 2158 VI.
598 2131 629 2160 P.
645 2141 668 2158 2.
692 2141 720 2169 p.
733 2132 774 2160 δι.
808 2132 979 2170 Helicogcna
999 2131 1148 2159 nemoralis
1172 2129 1194 2156 F
1209 2129 1376 2165 crassae,
1394 2128 1412 2157 Ι.
1432 2129 1452 2159 l.
1475 2140 1537 2168 pag.
1553 2132 1594 2158 35.
1620 2130 1662 2158 ΡΙ·
1683 2133 1723 2159 32.
1739 2132 1773 2159 A.
1801 2130 1845 2167 fig.
1862 2142 1886 2158 2.

218 2176 258 2204 Pl.
278 2178 327 2208 33,
350 2179 401 2210 34,
424 2179 457 2212 39
476 2179 511 2206 A.
532 2177 579 2214 fig.
597 2180 634 2213 3,
653 2182 678 2212 ά.

258 2225 309 2259 (3)
328 2224 414 2253 Lam.
430 2225 510 2255 Tem.
530 2227 582 2256 VI.
606 2227 638 2253 P.
651 2237 677 2257 2.
701 2229 783 2265 p.8¹.
819 2229 989 2265 Heli'cogena
1007 2229 1142 2256 hortensis
1158 2226 1353 2260 Ferussac,
1380 2226 1398 2255 l.
1418 2226 1437 2256 l.
1463 2235 1526 2264 pag·
1539 2229 1582 2256 35.
1608 2226 1651 2257 Pl.
1666 2229 1698 2256 ³5
1720 2232 1747 2256 et
1767 2230 1808 2258 36.

252 2272 415 2317 (QLam.
444 2274 522 2302 Tom.
542 2274 592 2303 Vl·
619 2274 649 2303 P·
671 2285 693 2304 2.
721 2286 749 2314 p.
768 2279 809 2308 8¹.
846 2278 1015 2314 Helicogena
1043 2277 1219 2306 arbustorum
1245 2276 1442 2310 Ferussac,
1468 2275 1488 2304 Ι.
1508 2274 1527 2304 l.
1553 2285 1616 2313 pag.
1639 2277 1682 2311 34.
1710 2277 1752 2308 Pl.
1773 2279 1815 2310 27,
1842 2276 1890 2313 fig.

220 2323 253 2354 5,
272 2324 307 2356 6,
328 2329 363 2354 7,
383 2321 408 2349 8.
434 2320 474 2350 Pl.
490 2330 530 2355 29.
553 2322 626 2359 fig.1
652 2329 680 2353 et
699 2333 723 2355 ι.
