2361 2974
461 226 746 260 RESPONSIO
777 236 825 258 Δ»
859 226 1220 267 QUAESTIONEM
1252 215 1590 259 zoc'iLOGICAM.
1815 231 1859 262 27

961 360 993 401 g.
1039 358 1075 391 5.

695 472 1030 508 STIEBELII
1082 482 1353 511 SENTENTIA.

230 591 274 621 De
296 587 502 621 Stiebelii
522 587 675 618 sententia
701 586 777 617 mihi
803 591 924 618 tuntum
955 586 1204 628 dijudicandum
1232 592 1279 618 est
1318 598 1355 618 ex
1385 588 1438 625 iis,
1476 598 1560 629 quae
1596 590 1628 621 in
1657 590 1852 622 Meckel’s

186 646 308 677 Archi„
332 645 367 685 (1
386 644 396 685 )
421 643 545 684 posuit,
570 653 668 684 quum
690 642 759 683 ejus
781 642 1034 673 dissertationem
1061 643 1102 672 a'e
1123 643 1289 683 Lymnaea'
1305 644 1479 684 sz'agnalcls
1501 649 1662 677 anatome
1685 647 1852 688 acquirere

186 712 249 732 non
278 700 354 731 milii
385 698 566 739 contigerit.
611 698 656 728 Ex
681 698 741 728 illis
770 707 844 728 vero
870 708 935 728 non
960 702 1074 738 patet,
1098 698 1258 739 quidnam
1286 709 1433 741 organon
1468 702 1646 732 testiculum
1662 725 1670 738 ‚
1695 703 1850 743 quidnam

183 759 325 794 ovarium
352 754 515 791 habuerim
555 763 592 783 ex
631 753 667 783 iis
700 763 797 787 vero,
833 763 918 793 quae
946 753 1208 784 Treviranus
1240 754 1338 786 dicit:
1381 770 1395 788 (a
1424 756 1589 798 Hingegen
1618 757 1747 798 glaubte
1778 781 1852 791 ...-

182 830 196 846 a
218 815 237 843 S
252 811 379 842 tiebel
405 809 463 850 (in
486 809 540 839 Me
552 808 672 840 ckel’s
696 807 823 838 Archiv
835 808 872 849 f.
898 809 931 839 d.
956 809 1136 851 I’hysz‘ol.,
1160 810 1197 842 B.
1218 811 1261 842 ΙΙ.
1295 821 1318 842 s.
1340 811 1437 852 558.)
1461 813 1511 843 bei
1536 813 1728 854 Lymnaeus
1758 820 1854 857 slag-

178 884 194 902 «
216 868 306 898 nates
333 887 341 897 .
359 888 389 898 ..
405 888 414 896 .
438 865 513 896 Eier
532 866 575 895 im
601 864 896 906 traubenl'ormigen
924 865 1052 906 Organe
1072 866 1207 907 gesehen
1235 879 1275 897 zu
1300 868 1452 899 haben.”
1475 869 1558 909 (2),
1594 871 1719 902 efficere
1743 883 1855 913 possu-

179 935 247 955 mus
291 933 362 954 eum
394 931 468 952 cum
503 919 702 951 Cuvierio
746 921 849 951 eidem
881 931 1003 961 organo
1043 922 1143 952 ovarii
1180 923 1377 954 functionem
1411 925 1608 964 attribuisse3
1640 927 1851 967 probabiliter

178 981 276 1021 igitur
300 978 425 1009 Cuvie
437 977 487 1007 rii
510 977 684 1006 sententiae
708 977 880 1017 praecipue
905 977 1056 1008 addictus
1076 982 1133 1008 est.

219 1034 346 1070 Posuit,
371 1031 552 1062 rudimenta
573 1042 730 1062 novorum
751 1033 935 1063 animalium
957 1033 991 1064 in
1010 1032 1189 1073 Lymnaea
1221 1035 1381 1076 stagnalz‘
1407 1036 1478 1077 jam
1511 1042 1584 1068 ante
1613 1038 1850 1078 copulationem

176 1092 209 1121 in
236 1088 364 1125 ovario,
389 1087 595 1127 microscopii
615 1097 695 1128 ope,
720 1087 908 1124 observari,
940 1093 1046 1119 tamen
1075 1089 1133 1119 sub
1159 1089 1262 1121 forma
1289 1092 1496 1132 granulorum
1529 1094 1749 1135 irregularium
1779 1097 1851 1137 pin-

175 1147 293 1187 guium.
338 1144 440 1174 Paulo
463 1147 535 1184 post
556 1144 799 1184 copulationem
818 1145 851 1176 in
874 1145 1030 1176 oviduclu
1047 1144 1119 1187 jam
1143 1145 1374 1187 observantur,
1399 1149 1553 1179 materiae
1583 1160 1732 1181 mucosae
1757 1152 1848 1183 inna-

175 1203 298 1238 tantia,
322 1200 378 1230 ubi
402 1198 520 1230 Chorio
540 1198 802 1240 circumdantur,
838 1201 928 1242 quod
962 1201 1118 1243 originem
1149 1212 1240 1233 suum
1273 1204 1363 1235 ducit
1382 1215 1399 1235 a
1422 1203 1609 1235 membrana
1639 1216 1769 1237 mucosa
1802 1210 1850 1239 in-

173 1263 263 1287 lerna
291 1256 350 1286 sihi
373 1255 487 1286 relicta
507 1254 695 1292 oviductus‚
721 1256 761 1286 de
782 1256 883 1298 cujus·
900 1257 1093 1289 formatione
1123 1259 1168 1289 ita
1193 1260 1318 1301 pergit:
1366 1276 1382 1293 «
1401 1261 1491 1292 Diese
1522 1260 1762 1300 Sclileimhaut,
1789 1275 1843 1295 aus

171 1327 187 1345 «
207 1311 349 1344 welcher
373 1311 425 1341 die
445 1311 518 1342 Eier
536 1310 674 1352 gesormt
697 1311 851 1350 werden,
875 1312 976 1343 hildet
994 1313 1137 1355 Anfangs
1151 1336 1158 1350 ‚
1182 1316 1245 1346 wie
1277 1316 1329 1346 die
1351 1317 1406 1347 des
1440 1318 1670 1355 Darmkanals,
1695 1320 1765 1351 eine
1788 1331 1843 1350 zu-

170 1381 187 1400 «
207 1366 520 1406 sammenhfingende
553 1366 685 1403 Rome,
721 1367 774 1397 die
807 1368 901 1398 Form
935 1368 993 1399 der
1024 1369 1095 1399 Eier
1127 1369 1212 1400 vvird
1242 1371 1348 1403 durch
1388 1373 1843 1417 sliickweise-gleichmiissige

171 1439 186 1455 u
206 1420 531 1464 Zusammenziehung
556 1421 612 1452 des
639 1422 810 1453 oviductus
829 1422 1121 1464 hervorgebracht,
1146 1426 1212 1455 und
1237 1426 1289 1456 die
1316 1429 1375 1458 Art
1398 1430 1456 1459 der
1475 1430 1660 1460 Formation
1685 1430 1742 1460 der
1769 1431 1841 1464 Eier

169 1494 186 1511 «
206 1489 261 1509 aus
282 1479 340 1507 der
363 1477 600 1507 Schleimrohre
621 1477 660 1504 ist
682 1477 812 1505 {ibnlich
833 1479 892 1505 der
914 1479 1055 1516 Bildung
1086 1480 1269 1517 kugliehter
1296 1481 1401 1510 faeces
1424 1484 1476 1512 bei
1498 1484 1662 1514 manclien
1694 1485 1839 1519 Thieren,

171 1548 187 1566 «
206 1534 261 1564 Die
282 1531 519 1563 Schleimrohre
541 1530 597 1561 des
619 1530 790 1561 oviduetus
814 1531 939 1561 verliert
969 1531 1047 1562 aber
1078 1531 1130 1561 bei
1150 1532 1252 1563 dieser
1284 1533 1492 1579 Eierhildung
1521 1538 1610 1570 ihren
1636 1539 1840 1574 Zusammen-

172 1604 187 1621 «
209 1590 294 1630 hang
316 1588 406 1619 nicht
432 1597 514 1627 ganz
528 1609 537 1624 ‚
563 1586 628 1617 und
650 1586 797 1617 dadurch
817 1587 1003 1617 erscheinen
1024 1587 1076 1617 die
1098 1587 1188 1625 Eier,
1213 1590 1276 1621 wie
1295 1601 1339 1622 an
1370 1592 1462 1624 einen
1484 1593 1592 1625 Faden
1614 1596 1736 1636 gereiht
1757 1598 1838 1639 (5).

214 1646 390 1684 Postquam
424 1642 541 1674 Chorio
572 1647 656 1673 tecta
680 1648 750 1673 sunt
782 1643 982 1678 rudimenta,
1016 1653 1055 1674 ex
1076 1644 1229 1675 oviductu
1259 1656 1316 1686 per
1347 1650 1514 1690 proprium
1546 1651 1682 1682 ductum
1710 1653 1743 1684 in
1771 1659 1841 1685 ute-

169 1712 238 1731 rum
260 1701 324 1740 (4)
351 1700 557 1740 perveniunt,
581 1698 635 1729 ubi
664 1703 848 1739 tegumento
876 1709 1007 1729 mucoso
1038 1700 1146 1731 omnia
1170 1701 1261 1732 simul
1286 1703 1546 1746 conjunguntur,
1585 1720 1669 1751 quae
1701 1712 1835 1743 materia

169 1767 298 1788 mucosa
333 1755 490 1796 peculiari
512 1765 635 1795 organo
657 1755 830 1785 secretorio
853 1754 922 1796 (5)
946 1755 1145 1796 producitur.

210 1814 413 1852 Quamquam
441 1811 473 1841 in
504 1810 551 1840 his
583 1810 773 1841 animalibus
805 1811 902 1842 ambo
930 1813 1144 1853 generationis
1176 1824 1298 1856 organa
1331 1826 1433 1857 aeque
1464 1819 1524 1849 sint
1559 1821 1710 1859 evoluta,
1734 1834 1832 1855 unum

169 1876 275 1900 tamen
295 1867 495 1899 individuum
517 1867 628 1903 mariS,
654 1868 787 1898 alterum
824 1867 960 1898 feminae
993 1868 1210 1900 functionibus
1237 1871 1389 1913 fungitur.
1434 1873 1465 1904 Si
1493 1881 1565 1916 post
1597 1879 1839 1919 copulationem

171 1926 264 1957 ambo
284 1924 484 1966 aperiuntur,
509 1923 541 1954 in
562 1933 650 1954 mare
673 1924 835 1956 testiculus
859 1925 1064 1956 convulsione
1085 1930 1268 1958 contractus
1303 1929 1482 1968 invenitur,
1507 1933 1552 1963 uti
1576 1934 1672 1965 etiam
1702 1936 1835 1968 visicula

1791 2003 1836 2023 se·

206 2066 255 2097 (ι)
275 2062 410 2089 Meckel
423 2082 432 2094 ,
453 2063 606 2090 Deutsclzes
625 2063 795 2099 Archiv-far
813 2065 857 2091 die
881 2064 1074 2101 Physioſtrgk,
1106 2064 1187 2093 Halle
1210 2066 1268 2093 und
1296 2066 1407 2101 Berlin,
1430 2071 1503 2098 1815.
1527 2070 1604 2099 Baud
1621 2073 1643 2101 1.
1673 2072 1699 2102 S.
1717 2076 1776 2106 4²3·
1807 2081 1834 2103 et

169 2110 253 2137 Band.
272 2110 306 2136 ll.
334 2110 361 2136 S.
380 2112 439 2143 557.

205 2159 258 2193 (ρ)
276 2158 491 2185 Tiedemann
511 2159 568 2185 und
587 2159 745 2193 Trevir.,
766 2163 886 2188 Zeilsclz.
908 2163 959 2193 fiir
977 2162 1103 2197 Physiol.
1119 2182 1127 2195 ,
1145 2161 1231 2190 Band.
1253 2162 1275 2191 Ι.
1301 2164 1367 2191 Hert
1385 2176 1407 2193 ι.
1438 2166 1465 2193 S.
1487 2170 1517 2194 st
1544 2167 1571 2193 in
1597 2173 1671 2197 nota.

207 2207 254 2239 (3)
273 2205 367 2231 Sermo
395 2205 447 2231 hoc
469 2206 525 2232 loco
550 2206 646 2233 haberi
667 2208 776 2236 videtur
800 2210 834 2236 de
861 2209 1030 2237 animalculis
1057 2210 1226 2249 spermaticis
1248 2222 1263 2239 a
1291 2213 1384 2241 multis
1411 2214 1509 2243 eodem
1538 2215 1620 2243 modo
1636 2238 1643 2250 ,
1676 2222 1759 2255 atque
1784 2220 1832 2246 illa

170 2264 219 2282 ova
242 2253 416 2280 Stiebelii
431 2273 439 2287 ‚
461 2254 612 2290 descriptis.
647 2255 710 2283 Vid.
731 2255 775 2292 fig.
791 2260 837 2290 36,
856 2260 904 2291 37,
925 2260 959 2285 38
981 2264 1008 2285 et
1026 2262 1067 2293 39.

205 2303 259 2336 (4)
276 2302 336 2328 Hoc
355 2311 477 2337 organon
501 2302 579 2328 nobis
601 2301 674 2329 idem
698 2312 756 2330 esse
779 2304 889 2332 videtur
911 2311 993 2342 atque
1010 2306 1099 2341 illud,
1128 2308 1203 2345 quod
1227 2309 1298 2337 inter
1322 2311 1446 2346 vaginam
1472 2318 1499 2340 et
1527 2313 1686 2342 oviductum
1709 2315 1829 2352 positum

173 2354 235 2382 est,
254 2354 281 2376 et
300 2350 374 2384 quod
400 2358 449 2375 nos
472 2347 518 2384 fig.
535 2351 576 2378 [⁸5.
602 2349 692 2376 littera
711 2361 729 2377 η
751 2351 959 2387 ὀεςῐὲηῑινίηιιις.

207 2399 260 2432 [5)
278 2395 458 2424 Probabiliter
479 2397 608 2433 glandula
631 2398 783 2427 oviductus.
807 2399 872 2435 (fig.
888 2402 926 2433 '45-
944 2403 988 2438 g.)

1121 2452 1145 2481 D
1168 2452 1188 2482 2
